Click Tidy to clean up the entries below
@article{hoekstra2001strength,
	title        = {Strength and tempo of directional selection in the wild},
	author       = {Hoekstra, Hopi E and Hoekstra, Jonathan M and Berrigan, David and Vignieri, SN and Hoang, A and Hill, CE and Beerli, P and Kingsolver, JG},
	year         = 2001,
	journal      = {Proceedings of the National Academy of Sciences},
	publisher    = {National Acad Sciences},
	volume       = 98,
	number       = 16,
	pages        = {9157--9160}
}
@article{whitlock1992temporal,
	title        = {Temporal fluctuations in demographic parameters and the genetic variance among populations},
	author       = {Whitlock, Michael C},
	year         = 1992,
	journal      = {Evolution},
	publisher    = {Wiley Online Library},
	volume       = 46,
	number       = 3,
	pages        = {608--615}
}
@article{chippindale2001negative,
	title        = {Negative genetic correlation for adult fitness between sexes reveals ontogenetic conflict in Drosophila},
	author       = {Chippindale, Adam K and Gibson, Jonathan R and Rice, William R},
	year         = 2001,
	journal      = {Proceedings of the National Academy of Sciences},
	publisher    = {National Acad Sciences},
	volume       = 98,
	number       = 4,
	pages        = {1671--1675}
}
@book{callaway2007positive,
	title        = {Positive interactions and interdependence in plant communities},
	author       = {Callaway, Ragan M},
	year         = 2007,
	publisher    = {Springer}
}
@article{godoy_phenology_2014,
	title        = {Phenology effects on invasion success: insights from coupling field experiments to coexistence theory},
	shorttitle   = {Phenology effects on invasion success},
	author       = {Godoy, Oscar and Levine, Jonathan M.},
	year         = 2014,
	journal      = {Ecology},
	volume       = 95,
	number       = 3,
	pages        = {726--736},
	copyright    = {© 2014 by the Ecological Society of America},
	keywords     = {fitness differences, niches, annual plants, biological invasions, coexistence theory, phenology, species traits}
}
@article{kylafis2008ecological,
	title        = {Ecological and evolutionary consequences of niche construction for its agent},
	author       = {Kylafis, Grigoris and Loreau, Michel},
	year         = 2008,
	journal      = {Ecology letters},
	publisher    = {Wiley Online Library},
	volume       = 11,
	number       = 10,
	pages        = {1072--1081}
}
@article{hastings2007ecosystem,
	title        = {Ecosystem engineering in space and time},
	author       = {Hastings, Alan and Byers, James E and Crooks, Jeffrey A and Cuddington, Kim and Jones, Clive G and Lambrinos, John G and Talley, Theresa S and Wilson, William G},
	year         = 2007,
	journal      = {Ecology letters},
	publisher    = {Wiley Online Library},
	volume       = 10,
	number       = 2,
	pages        = {153--164}
}
@article{laland1999evolutionary,
	title        = {Evolutionary consequences of niche construction and their implications for ecology},
	author       = {Laland, Kevin N and Odling-Smee, F John and Feldman, Marcus W},
	year         = 1999,
	journal      = {Proceedings of the National Academy of Sciences},
	publisher    = {National Acad Sciences},
	volume       = 96,
	number       = 18,
	pages        = {10242--10247}
}
@article{weiss2021disentangling,
	title        = {Disentangling key species interactions in diverse and heterogeneous communities: A Bayesian sparse modeling approach},
	author       = {Weiss-Lehman, Christopher P and Werner, Chhaya M and Bowler, Catherine H and Hallett, Lauren M and Mayfield, Margaret M and Godoy, Oscar and Aoyama, Lina and Barab{\'a}s, Gy{\"o}rgy and Chu, Chengjin and Ladouceur, Emma and others},
	year         = 2021,
	journal      = {bioRxiv},
	publisher    = {Cold Spring Harbor Laboratory}
}
@article{woottontoward,
	title        = {Toward a modular theory of trophic interactions},
	author       = {Wootton, Kate L and Curtsdotter, Alva and Roslin, Tomas and Bommarco, Riccardo and Jonsson, Tomas},
	journal      = {Functional Ecology},
	publisher    = {Wiley Online Library}
}
@article{freckleton2009measuring,
	title        = {Measuring the importance of competition in plant communities},
	author       = {Freckleton, Robert P and Watkinson, Andrew R and Rees, Mark},
	year         = 2009,
	journal      = {Journal of ecology},
	publisher    = {Wiley Online Library},
	volume       = 97,
	number       = 3,
	pages        = {379--384}
}
@article{kneitel2004trade,
	title        = {Trade-offs in community ecology: linking spatial scales and species coexistence},
	author       = {Kneitel, Jamie M and Chase, Jonathan M},
	year         = 2004,
	journal      = {Ecology letters},
	publisher    = {Wiley Online Library},
	volume       = 7,
	number       = 1,
	pages        = {69--80}
}
@article{amarasekare2003competitive,
	title        = {Competitive coexistence in spatially structured environments: a synthesis},
	author       = {Amarasekare, Priyanga},
	year         = 2003,
	journal      = {Ecology letters},
	publisher    = {Wiley Online Library},
	volume       = 6,
	number       = 12,
	pages        = {1109--1122}
}
@article{kleinhesselink2019mechanisms,
	title        = {Mechanisms underlying higher order interactions: from quantitative definitions to ecological processes},
	author       = {Kleinhesselink, Andrew R and Kraft, Nathan JB and Levine, Jonathan M},
	year         = 2019,
	journal      = {bioRxiv},
	publisher    = {Cold Spring Harbor Laboratory},
	pages        = 857920
}
@article{odenbaugh2003complex,
	title        = {Complex systems, trade-offs, and theoretical population biology: Richard Levin's “strategy of model building in population biology” revisited},
	author       = {Odenbaugh, Jay},
	year         = 2003,
	journal      = {Philosophy of Science},
	publisher    = {The University of Chicago Press},
	volume       = 70,
	number       = 5,
	pages        = {1496--1507}
}
@article{glaser2021sexual,
	title        = {Sexual antagonism, temporally fluctuating selection, and variable dominance affect a regulatory polymorphism in Drosophila melanogaster},
	author       = {Glaser-Schmitt, Amanda and Wittmann, Meike J and Ramnarine, Timothy JS and Parsch, John},
	year         = 2021,
	journal      = {Molecular Biology and Evolution},
	publisher    = {Oxford University Press},
	volume       = 38,
	number       = 11,
	pages        = {4891--4907}
}
@article{crick1988mad,
	title        = {What Mad Pursuit: A Personal View of Scientific Discovery. Basic Books, New York.},
	author       = {Crick, F},
	year         = 1988
}
@article{roughgarden2018adaptive,
	title        = {Adaptive Computation in Ecology and},
	author       = {Roughgarden, Jonathan and Bergman, Aviv and Shafir, Sharoni and Taylor, Charles},
	year         = 2018,
	journal      = {Adaptive Individuals In Evolving Populations: Models And Algorithms},
	publisher    = {Routledge},
	pages        = 25
}
@article{lewontin1963models,
	title        = {Models, mathematics and metaphors},
	author       = {Lewontin, Richard C},
	year         = 1963,
	journal      = {Synthese},
	publisher    = {JSTOR},
	pages        = {222--244}
}
@article{weisberg2006forty,
	title        = {Forty years of ‘the strategy’: Levins on model building and idealization},
	author       = {Weisberg, Michael},
	year         = 2006,
	journal      = {Biology and Philosophy},
	publisher    = {Springer},
	volume       = 21,
	number       = 5,
	pages        = {623--645}
}
@article{levins1993response,
	title        = {A response to Orzack and Sober: formal analysis and the fluidity of science},
	author       = {Levins, Richard},
	year         = 1993,
	journal      = {The Quarterly Review of Biology},
	publisher    = {University of Chicago Press},
	volume       = 68,
	number       = 4,
	pages        = {547--555}
}
@article{orzack1993critical,
	title        = {A critical assessment of Levins's The strategy of model building in population biology (1966)},
	author       = {Orzack, Steven Hecht and Sober, Elliott},
	year         = 1993,
	journal      = {The Quarterly Review of Biology},
	publisher    = {University of Chicago Press},
	volume       = 68,
	number       = 4,
	pages        = {533--546}
}
@book{thompson2014interaction,
	title        = {Interaction and coevolution},
	author       = {Thompson, John N},
	year         = 2014,
	publisher    = {University of Chicago Press}
}
@article{servedio2014not,
	title        = {Not just a theory—the utility of mathematical models in evolutionary biology},
	author       = {Servedio, Maria R and Brandvain, Yaniv and Dhole, Sumit and Fitzpatrick, Courtney L and Goldberg, Emma E and Stern, Caitlin A and Van Cleve, Jeremy and Yeh, D Justin},
	year         = 2014,
	journal      = {PLoS biology},
	publisher    = {Public Library of Science San Francisco, USA},
	volume       = 12,
	number       = 12,
	pages        = {e1002017}
}
@article{lassig2017predicting,
	title        = {Predicting evolution},
	author       = {L{\"a}ssig, Michael and Mustonen, Ville and Walczak, Aleksandra M},
	year         = 2017,
	journal      = {Nature ecology \& evolution},
	publisher    = {Nature Publishing Group},
	volume       = 1,
	number       = 3,
	pages        = {1--9}
}
@book{pickett2010ecological,
	title        = {Ecological understanding: the nature of theory and the theory of nature},
	author       = {Pickett, Steward TA and Kolasa, Jurek and Jones, Clive G},
	year         = 2010,
	publisher    = {Elsevier}
}
@article{simberloff2004community,
	title        = {Community Ecology: Is It Time to Move On? (An American Society of Naturalists Presidential Address)},
	author       = {Simberloff, Daniel},
	year         = 2004,
	journal      = {The American Naturalist},
	publisher    = {The University of Chicago Press},
	volume       = 163,
	number       = 6,
	pages        = {787--799}
}
@article{levins1966strategy,
	title        = {The strategy of model building in population biology},
	author       = {Levins, Richard},
	year         = 1966,
	journal      = {American scientist},
	publisher    = {JSTOR},
	volume       = 54,
	number       = 4,
	pages        = {421--431}
}
@article{odenbaugh2005idealized,
	title        = {Idealized, inaccurate but successful: A pragmatic approach to evaluating models in theoretical ecology},
	author       = {Odenbaugh, Jay},
	year         = 2005,
	journal      = {Biology and Philosophy},
	publisher    = {Springer},
	volume       = 20,
	number       = {2-3},
	pages        = {231--255}
}
@article{marquet2014theory,
	title        = {On theory in ecology},
	author       = {Marquet, Pablo A and Allen, Andrew P and Brown, James H and Dunne, Jennifer A and Enquist, Brian J and Gillooly, James F and Gowaty, Patricia A and Green, Jessica L and Harte, John and Hubbell, Steve P and others},
	year         = 2014,
	journal      = {BioScience},
	publisher    = {Oxford University Press},
	volume       = 64,
	number       = 8,
	pages        = {701--710}
}
@article{rossberg2019let,
	title        = {Let’s train more theoretical ecologists--here is why},
	author       = {Rossberg, Axel G and Barab{\'a}s, Gy{\"o}rgy and Possingham, Hugh P and Pascual, Mercedes and Marquet, Pablo A and Hui, Cang and Evans, Matthew R and Mesz{\'e}na, G{\'e}za},
	year         = 2019,
	journal      = {Trends in ecology \& evolution},
	publisher    = {Elsevier},
	volume       = 34,
	number       = 9,
	pages        = {759--762}
}
@article{macarthur1962some,
	title        = {Some generalized theorems of natural selection},
	author       = {MacArthur, Robert H},
	year         = 1962,
	journal      = {Proceedings of the National Academy of Sciences of the United States of America},
	publisher    = {National Academy of Sciences},
	volume       = 48,
	number       = 11,
	pages        = 1893
}
@article{kokko2007ecogenetic,
	title        = {The ecogenetic link between demography and evolution: can we bridge the gap between theory and data?},
	author       = {Kokko, Hanna and L{\'o}pez-Sepulcre, Andr{\'e}s},
	year         = 2007,
	journal      = {Ecology Letters},
	publisher    = {Wiley Online Library},
	volume       = 10,
	number       = 9,
	pages        = {773--782}
}
@article{bascompte2006asymmetric,
	title        = {Asymmetric coevolutionary networks facilitate biodiversity maintenance},
	author       = {Bascompte, Jordi and Jordano, Pedro and Olesen, Jens M},
	year         = 2006,
	journal      = {Science},
	publisher    = {American Association for the Advancement of Science},
	volume       = 312,
	number       = 5772,
	pages        = {431--433}
}
@article{d2018translucent,
	title        = {Translucent windows: How uncertainty in competitive interactions impacts detection of community pattern},
	author       = {D'Andrea, Rafael and Ostling, Annette and O'Dwyer, James P},
	year         = 2018,
	journal      = {Ecology Letters},
	publisher    = {Wiley Online Library},
	volume       = 21,
	number       = 6,
	pages        = {826--835}
}
@article{bastolla2009architecture,
	title        = {The architecture of mutualistic networks minimizes competition and increases biodiversity},
	author       = {Bastolla, Ugo and Fortuna, Miguel A and Pascual-Garc{\'\i}a, Alberto and Ferrera, Antonio and Luque, Bartolo and Bascompte, Jordi},
	year         = 2009,
	journal      = {Nature},
	publisher    = {Nature Publishing Group},
	volume       = 458,
	number       = 7241,
	pages        = {1018--1020}
}
@article{sutherland2006predicting,
	title        = {Predicting the ecological consequences of environmental change: a review of the methods},
	author       = {Sutherland, William J},
	year         = 2006,
	journal      = {Journal of Applied Ecology},
	publisher    = {Wiley Online Library},
	volume       = 43,
	number       = 4,
	pages        = {599--616}
}
@article{lai2021non,
	title        = {Non-additive biotic interactions improve predictions of tropical tree growth and impact community size structure},
	author       = {Lai, Hao Ran and Chong, Kwek Yan and Yee, Alex Thiam Koon and Mayfield, Margaret M and Stouffer, Daniel B},
	year         = 2021,
	journal      = {bioRxiv},
	publisher    = {Cold Spring Harbor Laboratory},
	pages        = {2020--09}
}
@article{kraft2015plant,
	title        = {Plant functional traits and the multidimensional nature of species coexistence},
	author       = {Kraft, Nathan JB and Godoy, Oscar and Levine, Jonathan M},
	year         = 2015,
	journal      = {Proceedings of the National Academy of Sciences},
	publisher    = {National Acad Sciences},
	volume       = 112,
	number       = 3,
	pages        = {797--802}
}
@article{mayfield2017higher,
	title        = {Higher-order interactions capture unexplained complexity in diverse communities},
	author       = {Mayfield, Margaret M and Stouffer, Daniel B},
	year         = 2017,
	journal      = {Nature ecology \& evolution},
	publisher    = {Nature Publishing Group},
	volume       = 1,
	number       = 3,
	pages        = {1--7}
}
@article{freckleton2001predicting,
	title        = {Predicting competition coefficients for plant mixtures: reciprocity, transitivity and correlations with life-history traits},
	author       = {Freckleton, RP and Watkinson, AR},
	year         = 2001,
	journal      = {Ecology Letters},
	publisher    = {Wiley Online Library},
	volume       = 4,
	number       = 4,
	pages        = {348--357}
}
@article{schoener1974some,
	title        = {Some methods for calculating competition coefficients from resource-utilization spectra},
	author       = {Schoener, Thomas W},
	year         = 1974,
	journal      = {The American Naturalist},
	publisher    = {University of Chicago Press},
	volume       = 108,
	number       = 961,
	pages        = {332--340}
}
@article{aladwani2019addition,
	title        = {Is the addition of higher-order interactions in ecological models increasing the understanding of ecological dynamics?},
	author       = {AlAdwani, Mohammad and Saavedra, Serguei},
	year         = 2019,
	journal      = {Mathematical Biosciences},
	publisher    = {Elsevier},
	volume       = 315,
	pages        = 108222
}
@article{bascompte2006response,
	title        = {Response to Comment on" Asymmetric Coevolutionary Networks Facilitate Biodiversity Maintenance"},
	author       = {Bascompte, Jordi and Jordano, Pedro and Olesen, Jens M},
	year         = 2006,
	journal      = {Science},
	publisher    = {American Association for the Advancement of Science},
	volume       = 313,
	number       = 5795,
	pages        = {1887--1887}
}
@article{holland2006comment,
	title        = {Comment on" Asymmetric Coevolutionary Networks Facilitate Biodiversity Maintenance"},
	author       = {Holland, J Nathaniel and Okuyama, Toshinori and DeAngelis, Donald L},
	year         = 2006,
	journal      = {Science},
	publisher    = {American Association for the Advancement of Science},
	volume       = 313,
	number       = 5795,
	pages        = {1887--1887}
}
@article{martyn2021identifying,
	title        = {Identifying “Useful” Fitness Models: Balancing the Benefits of Added Complexity with Realistic Data Requirements in Models of Individual Plant Fitness},
	author       = {Martyn, Trace E and Stouffer, Daniel B and Godoy, Oscar and Bartomeus, Ignasi and Pastore, Abigail I and Mayfield, Margaret M},
	year         = 2021,
	journal      = {The American Naturalist},
	publisher    = {The University of Chicago Press Chicago, IL},
	volume       = 197,
	number       = 4,
	pages        = {415--433}
}
@article{orzack2012philosophy,
	title        = {The philosophy of modelling or does the philosophy of biology have any use?},
	author       = {Orzack, Steven Hecht},
	year         = 2012,
	journal      = {Philosophical Transactions of the Royal Society B: Biological Sciences},
	publisher    = {The Royal Society},
	volume       = 367,
	number       = 1586,
	pages        = {170--180}
}
@book{may2019stability,
	title        = {Stability and complexity in model ecosystems},
	author       = {May, Robert M},
	year         = 2019,
	publisher    = {Princeton university press}
}
@article{evans2013simple,
	title        = {Do simple models lead to generality in ecology?},
	author       = {Evans, Matthew R and Grimm, Volker and Johst, Karin and Knuuttila, Tarja and De Langhe, Rogier and Lessells, Catherine M and Merz, Martina and O’Malley, Maureen A and Orzack, Steve H and Weisberg, Michael and others},
	year         = 2013,
	journal      = {Trends in ecology \& evolution},
	publisher    = {Elsevier},
	volume       = 28,
	number       = 10,
	pages        = {578--583}
}
@misc{evans2012predictive,
	title        = {Predictive ecology: systems approaches},
	author       = {Evans, Matthew R and Norris, Ken J and Benton, Tim G},
	year         = 2012,
	publisher    = {The Royal Society}
}
@article{holling1966strategy,
	title        = {The strategy of building models of complex ecological systems},
	author       = {Holling, Crawford S},
	year         = 1966,
	journal      = {Systems analysis in ecology},
	publisher    = {Academic Press New York},
	pages        = {195--214}
}
@article{levins2006strategies,
	title        = {Strategies of abstraction},
	author       = {Levins, Richard},
	year         = 2006,
	journal      = {Biology and Philosophy},
	publisher    = {Springer},
	volume       = 21,
	number       = 5,
	pages        = {741--755}
}
@article{bimler_accurate_2018,
	title        = {Accurate predictions of coexistence in natural systems require the inclusion of facilitative interactions and environmental dependency},
	author       = {Bimler, Malyon D. and Stouffer, Daniel B. and Lai, Hao Ran and Mayfield, Margaret M.},
	year         = 2018,
	journal      = {Journal of Ecology},
	volume       = 106,
	number       = 5,
	pages        = {1839--1852},
	copyright    = {© 2018 The Authors. Journal of Ecology © 2018 British Ecological Society},
	keywords     = {coexistence, competition, fitness differences, niche, annual plants, competitive outcomes, environmental heterogeneity, facilitation},
	annote       = {gradients}
}
@article{stouffer2018cyclic,
	title        = {Cyclic population dynamics and density-dependent intransitivity as pathways to coexistence between co-occurring annual plants},
	author       = {Stouffer, Daniel B and Wainwright, Claire E and Flanagan, Thomas and Mayfield, Margaret M},
	year         = 2018,
	journal      = {Journal of Ecology},
	publisher    = {Wiley Online Library},
	volume       = 106,
	number       = 3,
	pages        = {838--851}
}
@article{stouffer2019all,
	title        = {All ecological models are wrong, but some are useful},
	author       = {Stouffer, Daniel B},
	year         = 2019,
	journal      = {Journal of Animal Ecology},
	publisher    = {Wiley Online Library},
	volume       = 88,
	number       = 2,
	pages        = {192--195}
}
@article{godoy_phylogenetic_2014,
	title        = {Phylogenetic relatedness and the determinants of competitive outcomes},
	author       = {Godoy, Oscar and Kraft, Nathan J. B. and Levine, Jonathan M.},
	year         = 2014,
	journal      = {Ecology Letters},
	volume       = 17,
	number       = 7,
	pages        = {836--844},
	copyright    = {© 2014 John Wiley \& Sons Ltd/CNRS},
	keywords     = {coexistence, community assembly, niches, demography, fitness, California grasslands, Annual plants, competitive responses, trait conservatism}
}
@article{fox2003long,
	title        = {The long-term relationship between plant diversity and total plant biomass depends on the mechanism maintaining diversity},
	author       = {Fox, Jeremy W},
	year         = 2003,
	journal      = {Oikos},
	publisher    = {Wiley Online Library},
	volume       = 102,
	number       = 3,
	pages        = {630--640}
}
@article{levine2009importance,
	title        = {The importance of niches for the maintenance of species diversity},
	author       = {Levine, Jonathan M and HilleRisLambers, Janneke},
	year         = 2009,
	journal      = {Nature},
	publisher    = {Nature Publishing Group},
	volume       = 461,
	number       = 7261,
	pages        = {254--257}
}
@article{hart2018quantify,
	title        = {How to quantify competitive ability},
	author       = {Hart, Simon P and Freckleton, Robert P and Levine, Jonathan M},
	year         = 2018,
	journal      = {Journal of Ecology},
	publisher    = {Wiley Online Library},
	volume       = 106,
	number       = 5,
	pages        = {1902--1909}
}
@article{vazquez2005interaction,
	title        = {Interaction frequency as a surrogate for the total effect of animal mutualists on plants},
	author       = {V{\'a}zquez, Diego P and Morris, William F and Jordano, Pedro},
	year         = 2005,
	journal      = {Ecology letters},
	publisher    = {Wiley Online Library},
	volume       = 8,
	number       = 10,
	pages        = {1088--1094}
}
@article{wood1999super,
	title        = {Super--sensitivity to structure in biological models},
	author       = {Wood, Simon N and Thomas, Matthew B},
	year         = 1999,
	journal      = {Proceedings of the Royal Society of London. Series B: Biological Sciences},
	publisher    = {The Royal Society},
	volume       = 266,
	number       = 1419,
	pages        = {565--570}
}
@article{holt1977predation,
	title        = {Predation, apparent competition, and the structure of prey communities},
	author       = {Holt, Robert D},
	year         = 1977,
	journal      = {Theoretical population biology},
	publisher    = {Elsevier},
	volume       = 12,
	number       = 2,
	pages        = {197--229}
}
@article{holling1959some,
	title        = {Some characteristics of simple types of predation and parasitism1},
	author       = {Holling, Crawford S},
	year         = 1959,
	journal      = {The Canadian Entomologist},
	publisher    = {Cambridge University Press},
	volume       = 91,
	number       = 7,
	pages        = {385--398}
}
@article{volterra1926fluctuations,
	title        = {Fluctuations in the abundance of a species considered mathematically},
	author       = {Volterra, Vito},
	year         = 1926,
	journal      = {Nature},
	volume       = 118,
	number       = 2972,
	pages        = {558--560}
}
@article{stouffer2021hidden,
	title        = {Hidden layers of density dependence in consumer feeding rates},
	author       = {Stouffer, Daniel B and Novak, Mark},
	year         = 2021,
	journal      = {Ecology Letters},
	publisher    = {Wiley Online Library},
	volume       = 24,
	number       = 3,
	pages        = {520--532}
}
@article{holland2002population,
	title        = {Population dynamics and mutualism: functional responses of benefits and costs},
	author       = {Holland, J Nathaniel and DeAngelis, Donald L and Bronstein, Judith L},
	year         = 2002,
	journal      = {The American Naturalist},
	publisher    = {The University of Chicago Press},
	volume       = 159,
	number       = 3,
	pages        = {231--244}
}
@article{adler2018competition,
	title        = {Competition and coexistence in plant communities: intraspecific competition is stronger than interspecific competition},
	author       = {Adler, Peter B and Smull, Danielle and Beard, Karen H and Choi, Ryan T and Furniss, Tucker and Kulmatiski, Andrew and Meiners, Joan M and Tredennick, Andrew T and Veblen, Kari E},
	year         = 2018,
	journal      = {Ecology letters},
	publisher    = {Wiley Online Library},
	volume       = 21,
	number       = 9,
	pages        = {1319--1329}
}
@article{lawton1999there,
	title        = {Are there general laws in ecology?},
	author       = {Lawton, John H},
	year         = 1999,
	journal      = {Oikos},
	publisher    = {JSTOR},
	pages        = {177--192}
}
@article{song2018will,
	title        = {Will a small randomly assembled community be feasible and stable?},
	author       = {Song, Chuliang and Saavedra, Serguei},
	year         = 2018,
	journal      = {Ecology},
	publisher    = {Wiley Online Library},
	volume       = 99,
	number       = 3,
	pages        = {743--751}
}
@article{wootton2016many,
	title        = {Many weak interactions and few strong; food-web feasibility depends on the combination of the strength of species’ interactions and their correct arrangement},
	author       = {Wootton, KL and Stouffer, DB},
	year         = 2016,
	journal      = {Theoretical Ecology},
	publisher    = {Springer},
	volume       = 9,
	number       = 2,
	pages        = {185--195}
}
@misc{capdevila2021reconciling,
	title        = {Reconciling resilience across ecological systems, species and subdisciplines},
	author       = {Capdevila, Pol and Stott, Iain and Oliveras Menor, Imma and Stouffer, Daniel B and Raimundo, Rafael LG and White, Hannah and Barbour, Matthew and Salguero-G{\'o}mez, Roberto},
	year         = 2021,
	journal      = {Journal of Ecology},
	publisher    = {Wiley Online Library},
	volume       = 109,
	number       = 9,
	pages        = {3102--3113}
}
@article{godoy2020excess,
	title        = {An excess of niche differences maximizes ecosystem functioning},
	author       = {Godoy, Oscar and G{\'o}mez-Aparicio, Lorena and Mat{\'\i}as, Luis and P{\'e}rez-Ramos, Ignacio M and Allan, Eric},
	year         = 2020,
	journal      = {Nature communications},
	publisher    = {Nature Publishing Group},
	volume       = 11,
	number       = 1,
	pages        = {1--10}
}
@article{turnbull2013coexistence,
	title        = {Coexistence, niches and biodiversity effects on ecosystem functioning},
	author       = {Turnbull, Lindsay Ann and Levine, Jonathan M and Loreau, Michel and Hector, Andy},
	year         = 2013,
	journal      = {Ecology letters},
	publisher    = {Wiley Online Library},
	volume       = 16,
	pages        = {116--127}
}
@article{chesson2000mechanisms,
	title        = {Mechanisms of maintenance of species diversity},
	author       = {Chesson, Peter},
	year         = 2000,
	journal      = {Annual review of Ecology and Systematics},
	publisher    = {Annual Reviews},
	volume       = 31,
	number       = 1,
	pages        = {343--366}
}
@article{saavedra2017structural,
	title        = {A structural approach for understanding multispecies coexistence},
	author       = {Saavedra, Serguei and Rohr, Rudolf P and Bascompte, Jordi and Godoy, Oscar and Kraft, Nathan JB and Levine, Jonathan M},
	year         = 2017,
	journal      = {Ecological Monographs},
	publisher    = {Wiley Online Library},
	volume       = 87,
	number       = 3,
	pages        = {470--486}
}
@article{gause_experimental_1934,
	title        = {Experimental analysis of Vito Volterra’s mathematical theory of the struggle for existence},
	author       = {Gause, Georgii Frantsevitch},
	year         = 1934,
	volume       = 79,
	number       = 2036,
	pages        = {16--17},
	journaltitle = {Science}
}
@article{macarthur1967limiting,
	title        = {The limiting similarity, convergence, and divergence of coexisting species},
	author       = {MacArthur, Robert and Levins, Richard},
	year         = 1967,
	journal      = {The american naturalist},
	publisher    = {Science Press},
	volume       = 101,
	number       = 921,
	pages        = {377--385}
}
@article{hillerislambers2012rethinking,
	title        = {Rethinking community assembly through the lens of coexistence theory},
	author       = {HilleRisLambers, Janneke and Adler, Peter B and Harpole, W Stanley and Levine, Jonathan M and Mayfield, Margaret M},
	year         = 2012,
	journal      = {Annual review of ecology, evolution, and systematics},
	publisher    = {Annual Reviews},
	volume       = 43,
	pages        = {227--248}
}
@book{chase2009ecological,
	title        = {Ecological niches},
	author       = {Chase, Jonathan M and Leibold, Mathew A},
	year         = 2009,
	publisher    = {University of Chicago Press}
}
@article{thompson1999evolution,
	title        = {The evolution of species interactions},
	author       = {Thompson, John N},
	year         = 1999,
	journal      = {Science},
	publisher    = {American Association for the Advancement of Science},
	volume       = 284,
	number       = 5423,
	pages        = {2116--2118}
}
@book{box2011statistical,
	title        = {Statistical control by monitoring and adjustment},
	author       = {Box, George EP and Luce{\~n}o, Alberto and del Carmen Paniagua-Quinones, Maria},
	year         = 2011,
	publisher    = {John Wiley \& Sons},
	volume       = 700
}
@book{maynard1978models,
	title        = {Models in ecology},
	author       = {Maynard-Smith, John},
	year         = 1978,
	publisher    = {CUP Archive}
}
@article{may1972will,
	title        = {Will a large complex system be stable?},
	author       = {May, Robert M},
	year         = 1972,
	journal      = {Nature},
	publisher    = {Nature Publishing Group},
	volume       = 238,
	number       = 5364,
	pages        = {413--414}
}
@article{abrams2001describing,
	title        = {Describing and quantifying interspecific interactions: a commentary on recent approaches},
	author       = {Abrams, Peter A},
	year         = 2001,
	journal      = {Oikos},
	publisher    = {Wiley Online Library},
	volume       = 94,
	number       = 2,
	pages        = {209--218}
}
%bee foraging
@misc{albaricoque93_2021_4635449,
	title        = {The context dependency of pollinator interference},
	author       = {Cervantes-Loreto, Alba},
	year         = 2021,
	publisher    = {Zenodo},
	version      = {v.2.0.0}
}
@article{revilla2015numerical,
	title        = {Numerical responses in resource-based mutualisms: a time scale approach},
	author       = {Revilla, Tom{\'a}s A},
	year         = 2015,
	journal      = {Journal of theoretical biology},
	publisher    = {Elsevier},
	volume       = 378,
	pages        = {39--46}
}
@article{heinrich1972energetics,
	title        = {Energetics of temperature regulation and foraging in a bumblebee, Bombus terricola Kirby},
	author       = {Heinrich, Bernd},
	year         = 1972,
	journal      = {Journal of Comparative Physiology},
	publisher    = {Springer},
	volume       = 77,
	number       = 1,
	pages        = {49--64}
}
@article{classen2020specialization,
	title        = {Specialization of plant--pollinator interactions increases with temperature at Mt. Kilimanjaro},
	author       = {Classen, Alice and Eardley, Connal D and Hemp, Andreas and Peters, Marcell K and Peters, Ralph S and Ssymank, Axel and Steffan-Dewenter, Ingolf},
	year         = 2020,
	journal      = {Ecology and evolution},
	publisher    = {Wiley Online Library},
	volume       = 10,
	number       = 4,
	pages        = {2182--2195}
}
@article{briggs2018variation,
	title        = {Variation in context-dependent foraging behavior across pollinators},
	author       = {Briggs, Heather M and Graham, Stuart and Switzer, Callin M and Hopkins, Robin},
	year         = 2018,
	journal      = {Ecology and evolution},
	publisher    = {Wiley Online Library},
	volume       = 8,
	number       = 16,
	pages        = {7964--7973}
}
@article{fontaine2005functional,
	title        = {Functional diversity of plant--pollinator interaction webs enhances the persistence of plant communities},
	author       = {Fontaine, Colin and Dajoz, Isabelle and Meriguet, Jacques and Loreau, Michel},
	year         = 2005,
	journal      = {PLoS Biol},
	publisher    = {Public Library of Science},
	volume       = 4,
	number       = 1,
	pages        = {e1}
}
@article{mallinger2017managed,
	title        = {Do managed bees have negative effects on wild bees?: A systematic review of the literature},
	author       = {Mallinger, Rachel E and Gaines-Day, Hannah R and Gratton, Claudio},
	year         = 2017,
	journal      = {PloS one},
	publisher    = {Public Library of Science San Francisco, CA USA},
	volume       = 12,
	number       = 12,
	pages        = {e0189268}
}
@article{bruninga2016role,
	title        = {The role of floral density in determining bee foraging behavior: a natural experiment},
	author       = {Bruninga-Socolar, Bethanne and Crone, Elizabeth E and Winfree, Rachael},
	year         = 2016,
	journal      = {Natural Areas Journal},
	publisher    = {BioOne},
	volume       = 36,
	number       = 4,
	pages        = {392--399}
}
@article{sahli2006characterizing,
	title        = {Characterizing ecological generalization in plant-pollination systems},
	author       = {Sahli, Heather F and Conner, Jeffrey K},
	year         = 2006,
	journal      = {Oecologia},
	publisher    = {Springer},
	volume       = 148,
	number       = 3,
	pages        = {365--372}
}
@article{gelman2019r,
	title        = {R-squared for Bayesian regression models},
	author       = {Gelman, Andrew and Goodrich, Ben and Gabry, Jonah and Vehtari, Aki},
	year         = 2019,
	journal      = {The American Statistician},
	publisher    = {Taylor \& Francis}
}
@manual{Rcore,
	title        = {R: A Language and Environment for Statistical Computing},
	author       = {{R Core Team}},
	year         = 2013,
	address      = {Vienna, Austria},
	organization = {R Foundation for Statistical Computing}
}
@article{coblentz2020estimating,
	title        = {Estimating predator functional responses using the times between prey captures},
	author       = {Coblentz, Kyle E and DeLong, John P},
	year         = 2020,
	journal      = {bioRxiv},
	publisher    = {Cold Spring Harbor Laboratory}
}
@article{chesson_multispecies_1994,
	title        = {Multispecies {Competition} in {Variable} {Environments}},
	author       = {Chesson, P.},
	year         = 1994,
	journal      = {Theoretical Population Biology},
	volume       = 45,
	number       = 3,
	pages        = {227--276}
}
@article{pettersson_pollination_1991,
	title        = {Pollination by a {Guild} of {Fluctuating} {Moth} {Populations}: {Option} for {Unspecialization} in {Silene} {Vulgaris}},
	shorttitle   = {Pollination by a {Guild} of {Fluctuating} {Moth} {Populations}},
	author       = {Pettersson, M. W.},
	year         = 1991,
	journal      = {Journal of Ecology},
	volume       = 79,
	number       = 3,
	pages        = {591--604}
}
@article{wootton_estimates_1997,
	title        = {Estimates and {Tests} of {Per} {Capita} {Interaction} {Strength}: {Diet}, {Abundance}, and {Impact} of {Intertidally} {Foraging} {Birds}},
	shorttitle   = {Estimates and {Tests} of {Per} {Capita} {Interaction} {Strength}},
	author       = {Wootton, J. Timothy},
	year         = 1997,
	journal      = {Ecological Monographs},
	volume       = 67,
	number       = 1,
	pages        = {45--64},
	copyright    = {© 1997 by the Ecological Society of America},
	keywords     = {communities, Corvus caurinus, food webs, foraging behavior, Haematopus bachmani, Larus glaucescens, population dynamics, predation, rocky intertidal, species interactions}
}
@article{raffaelli_assessing_1996,
	title        = {Assessing the {Relative} {Importance} of {Trophic} {Links} in {Food} {Webs}},
	author       = {Raffaelli, David G. and Hall, Stephen J.},
	year         = 1996,
	journal      = {Food Webs},
	pages        = {185--191}
}
@article{skalski_functional_2001,
	title        = {Functional {Responses} with {Predator} {Interference}: {Viable} {Alternatives} to the {Holling} {Type} {II} {Model}},
	shorttitle   = {Functional {Responses} with {Predator} {Interference}},
	author       = {Skalski, Garrick T. and Gilliam, James F.},
	year         = 2001,
	journal      = {Ecology},
	volume       = 82,
	number       = 11,
	pages        = {3083--3092},
	copyright    = {© 2001 by the Ecological Society of America},
	keywords     = {Beddington-DeAngelis model, Crowley-Martin model, foraging, functional response, Hassell-Varley model, Holling Type II model, interference, predator, prey}
}
@article{abrams_fallacies_1994,
	title        = {The {Fallacies} of '{Ratio}-{Dependent}' {Predation}},
	author       = {Abrams, Peter A.},
	year         = 1994,
	journal      = {Ecology},
	volume       = 75,
	number       = 6,
	pages        = {1842--1850},
	copyright    = {© 1994 by the Ecological Society of America}
}
@article{vazquez_strength_2012,
	title        = {The strength of plant–pollinator interactions},
	author       = {Vázquez, Diego P. and Lomáscolo, Silvia B. and Maldonado, M. Belén and Chacoff, Natacha P. and Dorado, Jimena and Stevani, Erica L. and Vitale, Nydia L.},
	year         = 2012,
	journal      = {Ecology},
	volume       = 93,
	number       = 4,
	pages        = {719--725},
	copyright    = {© 2012 by the Ecological Society of America},
	keywords     = {asymmetry, ecological networks, interaction frequency, interaction strength, Monte desert, mutualism, plant–pollinator interactions, pollination, species impact}
}
@incollection{altieri_ecological_1999,
	title        = {The ecological role of biodiversity in agroecosystems},
	author       = {Altieri, Miguel A.},
	year         = 1999,
	booktitle    = {Invertebrate {Biodiversity} as {Bioindicators} of {Sustainable} {Landscapes}},
	publisher    = {Elsevier},
	address      = {Amsterdam},
	pages        = {19--31},
	isbn         = {978-0-444-50019-9},
	editor       = {Paoletti, M. G.},
	keywords     = {Agroecology, Antagonists, Biodiversity, Biological control, Organic farming, Sustainable agriculture, Traditional farming}
}
@article{tilman_resources:_1980,
	title        = {Resources: {A} {Graphical}-{Mechanistic} {Approach} to {Competition} and {Predation}},
	shorttitle   = {Resources},
	author       = {Tilman, David},
	year         = 1980,
	journal      = {The American Naturalist},
	volume       = 116,
	number       = 3,
	pages        = {362--393}
}
@article{ayala_competition_1973,
	title        = {Competition between species: {Theoretical} models and experimental tests},
	shorttitle   = {Competition between species},
	author       = {Ayala, Francisco J. and Gilpin, Michael E. and Ehrenfeld, Joan G.},
	year         = 1973,
	journal      = {Theoretical Population Biology},
	volume       = 4,
	number       = 3,
	pages        = {331--356}
}
@article{wilson_twelve_2011,
	title        = {The twelve theories of co-existence in plant communities: the doubtful, the important and the unexplored},
	shorttitle   = {The twelve theories of co-existence in plant communities},
	author       = {Wilson, J. Bastow},
	year         = 2011,
	journal      = {Journal of Vegetation Science},
	volume       = 22,
	number       = 1,
	pages        = {184--195},
	copyright    = {© 2010 International Association for Vegetation Science},
	keywords     = {Aggregation, Chance, Circular interference networks, Co-evolution, Competitive ability, Cyclic succession, Disturbance, Environmental fluctuation, Initial patch composition, Interference/dispersal trade-offs, Niche differentiation, Paradox of the Plankton, Pest pressure, Spatial mass effect}
}
@article{nicholls_plant_2013,
	title        = {Plant biodiversity enhances bees and other insect pollinators in agroecosystems. {A} review},
	author       = {Nicholls, Clara I. and Altieri, Miguel A.},
	year         = 2013,
	journal      = {Agronomy for Sustainable Development},
	volume       = 33,
	number       = 2,
	pages        = {257--274},
	keywords     = {Agroecosystems, Habitat management, Hedgerows, Pollinators, Weed manipulation}
}
@article{billick_higher_1994,
	title        = {Higher {Order} {Interactions} in {Ecological} {Communities}: {What} {Are} {They} and {How} {Can} {They} be {Detected}?},
	shorttitle   = {Higher {Order} {Interactions} in {Ecological} {Communities}},
	author       = {Billick, Ian and Case, Ted J.},
	year         = 1994,
	journal      = {Ecology},
	volume       = 75,
	number       = 6,
	pages        = {1529--1543},
	copyright    = {© 1994 by the Ecological Society of America}
}
@article{letten_linking_2017,
	title        = {Linking modern coexistence theory and contemporary niche theory},
	author       = {Letten, Andrew D. and Ke, Po-Ju and Fukami, Tadashi},
	year         = 2017,
	journal      = {Ecological Monographs},
	volume       = 87,
	number       = 2,
	pages        = {161--177},
	copyright    = {© 2016 by the Ecological Society of America},
	keywords     = {coexistence, competition, consumer–resource model, fitness differences, impact niche, Lotka-Volterra equation, mechanistic models, niche overlap, requirement niche}
}
@article{thornley_mathematical_1976,
	title        = {Mathematical models in plant physiology.},
	author       = {Thornley, J. H. M.},
	year         = 1976,
	journal      = {Mathematical models in plant physiology.}
}
@article{smith_john_maynard_models_1983,
	title        = {Models of evolution},
	author       = {{Smith John Maynard} and {Brookfield John F. Y.} and {Bodmer Walter Fred} and {Kingman John Frank Charles}},
	year         = 1983,
	journal      = {Proceedings of the Royal Society of London. Series B. Biological Sciences},
	volume       = 219,
	number       = 1216,
	pages        = {315--325}
}
@article{simon_biogeography-based_2008,
	title        = {Biogeography-{Based} {Optimization}},
	author       = {Simon, D.},
	year         = 2008,
	journal      = {IEEE Transactions on Evolutionary Computation},
	volume       = 12,
	number       = 6,
	pages        = {702--713},
	keywords     = {artificial neural networks, Artificial neural networks, Biogeography, biogeography-based optimization, biological genetics, biological organisms, Biological systems, biology-based optimization, Equations, evolutionary algorithms, GA, genetic algorithms, Genetic algorithms, geographical distribution, Kalman filter, Mathematics, Neurons, optimization, Optimization methods, Organisms, particle swarm optimisation, particle swarm optimization, Particle swarm optimization, PSO, sensor selection}
}
@article{grimm_mathematical_1994,
	title        = {Mathematical models and understanding in ecology},
	author       = {Grimm, Volker},
	year         = 1994,
	journal      = {Ecological Modelling},
	volume       = {75-76},
	pages        = {641--651},
	keywords     = {Conceptual model, Pattern, Theoretical ecology}
}
@article{letten_mechanistic_2019,
	title        = {The mechanistic basis for higher-order interactions and non-additivity in competitive communities},
	author       = {Letten, Andrew D. and Stouffer, Daniel B.},
	year         = 2019,
	journal      = {Ecology Letters},
	volume       = 22,
	number       = 3,
	pages        = {423--436},
	copyright    = {© 2019 John Wiley \& Sons Ltd/CNRS},
	keywords     = {mechanistic models, Coexistence, higher-order interactions, Lotka–Volterra, non-additivity, resource competition}
}
@article{thompson_food_2012,
	title        = {Food webs: reconciling the structure and function of biodiversity},
	shorttitle   = {Food webs},
	author       = {Thompson, Ross M. and Brose, Ulrich and Dunne, Jennifer A. and Hall, Robert O. and Hladyz, Sally and Kitching, Roger L. and Martinez, Neo D. and Rantala, Heidi and Romanuk, Tamara N. and Stouffer, Daniel B. and Tylianakis, Jason M.},
	year         = 2012,
	journal      = {Trends in Ecology \& Evolution},
	volume       = 27,
	number       = 12,
	pages        = {689--697}
}
@article{vandermeer_interspecific_1975,
	title        = {Interspecific competition: a new approach to the classical theory},
	shorttitle   = {Interspecific competition},
	author       = {Vandermeer, J. H.},
	year         = 1975,
	journal      = {Science},
	volume       = 188,
	number       = 4185,
	pages        = {253--255},
	copyright    = {© 1975},
	pmid         = 1118725
}
@article{cariboni_role_2007,
	title        = {The role of sensitivity analysis in ecological modelling},
	author       = {Cariboni, J. and Gatelli, D. and Liska, R. and Saltelli, A.},
	year         = 2007,
	journal      = {Ecological Modelling},
	volume       = 203,
	number       = 1,
	pages        = {167--182},
	keywords     = {Ecological modelling, Population dynamics, Sensitivity analysis}
}
@article{mayfield_opposing_2010,
	title        = {Opposing effects of competitive exclusion on the phylogenetic structure of communities},
	author       = {Mayfield, Margaret M. and Levine, Jonathan M.},
	year         = 2010,
	journal      = {Ecology Letters},
	volume       = 13,
	number       = 9,
	pages        = {1085--1093},
	copyright    = {© 2010 Blackwell Publishing Ltd/CNRS},
	keywords     = {Coexistence, community assembly, competitive ability/fitness differences, competitive exclusion, niches, phylogenetics, regional species pool}
}
@article{cornwell_community_2009,
	title        = {Community assembly and shifts in plant trait distributions across an environmental gradient in coastal {California}},
	author       = {Cornwell, William K. and Ackerly, David D.},
	year         = 2009,
	journal      = {Ecological Monographs},
	volume       = 79,
	number       = 1,
	pages        = {109--126},
	copyright    = {© 2009 by the Ecological Society of America},
	keywords     = {community assembly, California, environment–species–trait relationship, environmental gradient, habitat filtering, Jasper Ridge Biological Preserve, limiting similarity, plant functional traits, USA}
}
@article{wootton_measurement_2005,
	title        = {Measurement of {Interaction} {Strength} in {Nature}},
	author       = {Wootton, J. Timothy and Emmerson, Mark},
	year         = 2005,
	journal      = {Annual Review of Ecology, Evolution, and Systematics},
	volume       = 36,
	number       = 1,
	pages        = {419--444}
}
@article{abrams_are_1980,
	title        = {Are {Competition} {Coefficients} {Constant}? {Inductive} {Versus} {Deductive} {Approaches}},
	shorttitle   = {Are {Competition} {Coefficients} {Constant}?},
	author       = {Abrams, Peter},
	year         = 1980,
	journal      = {The American Naturalist},
	volume       = 116,
	number       = 5,
	pages        = {730--735}
}
@article{barabas_chessons_2018,
	title        = {Chesson's coexistence theory},
	author       = {Barabás, György and D'Andrea, Rafael and Stump, Simon Maccracken},
	year         = 2018,
	journal      = {Ecological Monographs},
	volume       = 88,
	number       = 3,
	pages        = {277--303},
	copyright    = {© 2018 by the Ecological Society of America},
	keywords     = {average fitness differences, community ecology, competitive advantage, equalizing effect, growth-density covariance, relative nonlinearity, stabilization, storage effect, theoretical ecology, variable environment theory}
}
@article{dehling_bringing_2018,
	title        = {Bringing the {Eltonian} niche into functional diversity},
	author       = {Dehling, D. Matthias and Stouffer, Daniel B.},
	year         = 2018,
	journal      = {Oikos},
	volume       = 127,
	number       = 12,
	pages        = {1711--1723}
}
@article{lye_forage_2010,
	title        = {Forage use and niche partitioning by non-native bumblebees in {New} {Zealand}: implications for the conservation of their populations of origin},
	shorttitle   = {Forage use and niche partitioning by non-native bumblebees in {New} {Zealand}},
	author       = {Lye, G. C. and Kaden, J. C. and Park, K. J. and Goulson, D.},
	year         = 2010,
	journal      = {Journal of Insect Conservation},
	volume       = 14,
	number       = 6,
	pages        = {607--615}
}
@article{westphal_bumblebees_2006,
	title        = {Bumblebees experience landscapes at different spatial scales: possible implications for coexistence},
	shorttitle   = {Bumblebees experience landscapes at different spatial scales},
	author       = {Westphal, Catrin and Steffan-Dewenter, Ingolf and Tscharntke, Teja},
	year         = 2006,
	journal      = {Oecologia},
	volume       = 149,
	number       = 2,
	pages        = {289--300}
}
@article{morse_resource_1977,
	title        = {Resource {Partitioning} in {Bumble} {Bees}: {The} {Role} of {Behavioral} {Factors}},
	shorttitle   = {Resource {Partitioning} in {Bumble} {Bees}},
	author       = {Morse, D. H.},
	year         = 1977,
	journal      = {Science},
	volume       = 197,
	number       = 4304,
	pages        = {678--680}
}
@article{heinrich_resource_1976,
	title        = {Resource {Partitioning} {Among} {Some} {Eusocial} {Insects}: {Bumblebees}},
	shorttitle   = {Resource {Partitioning} {Among} {Some} {Eusocial} {Insects}},
	author       = {Heinrich, Bernd},
	year         = 1976,
	journal      = {Ecology},
	volume       = 57,
	number       = 5,
	pages        = {874--889}
}
@article{lewontin_organism_1997,
	title        = {Organism and environment},
	author       = {Lewontin, Richard and Levins, Richard},
	year         = 1997,
	journal      = {Capitalism Nature Socialism},
	volume       = 8,
	number       = 2,
	pages        = {95--98}
}
@article{swihart_testing_1985,
	title        = {Testing {For} {Independence} of {Observations} in {Animal} {Movements}},
	author       = {Swihart, Robert K. and Slade, Norman A.},
	year         = 1985,
	journal      = {Ecology},
	volume       = 66,
	number       = 4,
	pages        = {1176--1184},
	copyright    = {© 1985 by the Ecological Society of America}
}
@misc{noauthor_sci-hub:_nodate,
	title        = {Sci-{Hub}: removing barriers in the way of science},
	shorttitle   = {Sci-{Hub}}
}
@article{pyke_optimal_1978,
	title        = {Optimal foraging: {Movement} patterns of bumblebees between inflorescences},
	shorttitle   = {Optimal foraging},
	author       = {Pyke, Graham H.},
	year         = 1978,
	journal      = {Theoretical Population Biology},
	volume       = 13,
	number       = 1,
	pages        = {72--98}
}
@article{schoener_theory_1971,
	title        = {Theory of {Feeding} {Strategies}},
	author       = {Schoener, T W},
	year         = 1971,
	journal      = {Annual Review of Ecology and Systematics},
	volume       = 2,
	number       = 1,
	pages        = {369--404}
}
@misc{alejandra_moreno_becas_nodate,
	title        = {Becas en {Nueva} {Zelanda} para países {Latinoamericanos}},
	author       = {Alejandra Moreno},
	journal      = {Más Oportunidades}
}
@article{shoemaker_quantifying_2019,
	title        = {Quantifying the relative importance of competition, predation, and environmental variation for species coexistence},
	author       = {Shoemaker, Lauren G. and Barner, Allison K. and Bittleston, Leonora S. and Teufel, Ashley I.},
	year         = 2019,
	journal      = {bioRxiv},
	pages        = 797704,
	copyright    = {© 2019, Posted by Cold Spring Harbor Laboratory. This pre-print is available under a Creative Commons License (Attribution-NonCommercial-NoDerivs 4.0 International), CC BY-NC-ND 4.0, as described at http://creativecommons.org/licenses/by-nc-nd/4.0/}
}
@article{noauthor_arguments_1983,
	title        = {Arguments in {Favor} of {Higher} {Order} {Interactions}},
	year         = 1983,
	journal      = {The American Naturalist},
	volume       = 121,
	number       = 6,
	pages        = {887--891}
}
@article{wood_simon_n._supersensitivity_1999,
	title        = {Super–sensitivity to structure in biological models},
	author       = {{Wood Simon N.} and {Thomas Matthew B.}},
	year         = 1999,
	journal      = {Proceedings of the Royal Society of London. Series B: Biological Sciences},
	volume       = 266,
	number       = 1419,
	pages        = {565--570}
}
@article{vazquez_interaction_2005,
	title        = {Interaction frequency as a surrogate for the total effect of animal mutualists on plants},
	author       = {Vázquez, Diego P. and Morris, William F. and Jordano, Pedro},
	year         = 2005,
	journal      = {Ecology Letters},
	volume       = 8,
	number       = 10,
	pages        = {1088--1094},
	keywords     = {interaction frequency, interaction strength, mutualism, pollination, Abundance, effectiveness, interaction networks, plant reproduction, plant–animal interactions, seed dispersal}
}
@article{stanton_interacting_2003,
	title        = {Interacting {Guilds}: {Moving} beyond the {Pairwise} {Perspective} on {Mutualisms}.},
	shorttitle   = {Interacting {Guilds}},
	author       = {Stanton, Maureen L.},
	year         = 2003,
	journal      = {The American Naturalist},
	volume       = 162,
	number       = {S4},
	pages        = {S10--S23},
	annote       = {etition for partners, or even for resources external to the mutualism, the presence of a lower‐quality mutualist can negatively affect the partner population by reducing associations it can form with better mutualists. Variation in quality among p}
}
@article{schaffer_ecological_1981,
	title        = {Ecological {Abstraction}: {The} {Consequences} of {Reduced} {Dimensionality} in {Ecological} {Models}},
	shorttitle   = {Ecological {Abstraction}},
	author       = {Schaffer, William M.},
	year         = 1981,
	journal      = {Ecological Monographs},
	volume       = 51,
	number       = 4,
	pages        = {383--401},
	copyright    = {© 1981 by the Ecological Society of America}
}
@book{mcelreath_statistical_2018,
	title        = {Statistical {Rethinking} : {A} {Bayesian} {Course} with {Examples} in {R} and {Stan}},
	shorttitle   = {Statistical {Rethinking}},
	author       = {McElreath, Richard},
	year         = 2018,
	publisher    = {Chapman and Hall/CRC},
	isbn         = {978-1-315-37249-5},
	annote       = {Examples}
}
@article{levins_dialectics_1980,
	title        = {Dialectics and reductionism in ecology},
	author       = {Levins, Richard and Lewontin, Richard},
	year         = 1980,
	journal      = {Synthese},
	volume       = 43,
	number       = 1,
	pages        = {47--78},
	keywords     = {Complex Interaction, Complex System, Data Reduction, Environmental Protection, Relative Weight}
}
@article{lanuza_opposing_2018,
	title        = {Opposing effects of floral visitors and soil conditions on the determinants of competitive outcomes maintain species diversity in heterogeneous landscapes},
	author       = {Lanuza, Jose B. and Bartomeus, Ignasi and Godoy, Oscar},
	year         = 2018,
	journal      = {Ecology Letters},
	volume       = 21,
	number       = 6,
	pages        = {865--874},
	copyright    = {© 2018 John Wiley \& Sons Ltd/CNRS},
	keywords     = {mutualism, Coexistence, community assembly, demography, fitness, multitrophic interactions, niche, pollinators, salinity, spatial structure}
}
@article{kraft_functional_2008,
	title        = {Functional {Traits} and {Niche}-{Based} {Tree} {Community} {Assembly} in an {Amazonian} {Forest}},
	author       = {Kraft, Nathan J. B. and Valencia, Renato and Ackerly, David D.},
	year         = 2008,
	journal      = {Science},
	volume       = 322,
	number       = 5901,
	pages        = {580--582},
	copyright    = {American Association for the Advancement of Science},
	pmid         = 18948539
}
@article{johnson_intraspecific_1986,
	title        = {Intraspecific {Resource} {Partitioning} in the {Bunble} {Bees} {Bombus} {Ternarius} and {B}. {Pennsylvanicus}},
	author       = {Johnson, Robert A.},
	year         = 1986,
	journal      = {Ecology},
	volume       = 67,
	number       = 1,
	pages        = {133--138},
	copyright    = {© 1986 by the Ecological Society of America},
	annote       = {a},
	annote       = {Partitioning}
}
@article{henry_common_2012,
	title        = {A {Common} {Pesticide} {Decreases} {Foraging} {Success} and {Survival} in {Honey} {Bees}},
	author       = {Henry, Mickaël and Béguin, Maxime and Requier, Fabrice and Rollin, Orianne and Odoux, Jean-François and Aupinel, Pierrick and Aptel, Jean and Tchamitchian, Sylvie and Decourtye, Axel},
	year         = 2012,
	journal      = {Science},
	volume       = 336,
	number       = 6079,
	pages        = {348--350},
	copyright    = {Copyright © 2012, American Association for the Advancement of Science},
	pmid         = 22461498,
	annote       = {Bees}
}
@article{flora_structural_2011,
	title        = {Structural sensitivity of biological models revisited},
	author       = {Flora, Cordoleani and David, Nerini and Mathias, Gauduchon and Andrew, Morozov and Jean-Christophe, Poggiale},
	year         = 2011,
	journal      = {Journal of Theoretical Biology},
	volume       = 283,
	number       = 1,
	pages        = {82--91},
	keywords     = {Chemostat model, Data variability, Functional response, Hausdorff distance, System stability},
	annote       = {and}
}
@article{bronstein_conditional_1994,
	title        = {Conditional outcomes in mutualistic interactions},
	author       = {Bronstein, Judith L.},
	year         = 1994,
	journal      = {Trends in Ecology \& Evolution},
	volume       = 9,
	number       = 6,
	pages        = {214--217},
	annote       = {ull range of natural outcomes of a given association may reveal far more about its ecological and evolutionary dynamics th}
}
@article{bascompte_interaction_2005,
	title        = {Interaction strength combinations and the overfishing of a marine food web},
	author       = {Bascompte, Jordi and Melián, Carlos J. and Sala, Enric},
	year         = 2005,
	journal      = {Proceedings of the National Academy of Sciences},
	volume       = 102,
	number       = 15,
	pages        = {5443--5447},
	copyright    = {Copyright © 2005, The National Academy of Sciences},
	pmid         = 15802468
}
@article{aldebert_clement_community_2018,
	title        = {Community dynamics and sensitivity to model structure: towards a probabilistic view of process-based model predictions},
	shorttitle   = {Community dynamics and sensitivity to model structure},
	author       = {{Aldebert Clement} and {Stouffer Daniel B.}},
	year         = 2018,
	journal      = {Journal of The Royal Society Interface},
	volume       = 15,
	number       = 149,
	pages        = 20180741
}
@article{abrams_nature_2000,
	title        = {The nature of predation: prey dependent, ratio dependent or neither?},
	shorttitle   = {The nature of predation},
	author       = {Abrams, Peter A. and Ginzburg, Lev R.},
	year         = 2000,
	journal      = {Trends in Ecology \& Evolution},
	volume       = 15,
	number       = 8,
	pages        = {337--341},
	keywords     = {Functional response, Food chain, Mathematical model, Numerical response, Predation, Prey dependence, Ratio dependence}
}
@article{abrams_functional_1982,
	title        = {Functional {Responses} of {Optimal} {Foragers}},
	author       = {Abrams, Peter A.},
	year         = 1982,
	journal      = {The American Naturalist},
	volume       = 120,
	number       = 3,
	pages        = {382--390}
}
@article{rohr_structural_2014,
	title        = {On the structural stability of mutualistic systems},
	author       = {Rohr, Rudolf P. and Saavedra, Serguei and Bascompte, Jordi},
	year         = 2014,
	journal      = {Science},
	volume       = 345,
	number       = 6195,
	pages        = 1253497,
	copyright    = {Copyright © 2014, American Association for the Advancement of Science},
	pmid         = 25061214
}
@article{chesson_updates_2018,
	title        = {Updates on mechanisms of maintenance of species diversity},
	author       = {Chesson, Peter},
	year         = 2018,
	journal      = {Journal of Ecology},
	volume       = 106,
	number       = 5,
	pages        = {1773--1794},
	copyright    = {© 2018 The Authors. Journal of Ecology © 2018 British Ecological Society},
	keywords     = {niche overlap, Lotka–Volterra, average fitness difference, natural enemy partitioning, permanence, scaling factors, species coexistence, stabilizing mechanism}
}
@article{jost_testing_2000,
	title        = {Testing for predator dependence in predator-prey dynamics: a non-parametric approach},
	shorttitle   = {Testing for predator dependence in predator-prey dynamics},
	author       = {Jost, Christian and Ellner, Stephen P.},
	year         = 2000,
	journal      = {Proceedings of the Royal Society of London. Series B: Biological Sciences},
	volume       = 267,
	number       = 1453,
	pages        = {1611--1620}
}
@article{haila_philosophical_2001,
	title        = {The {Philosophical} {Dullness} of {Classical} {Ecology}, and a {Levinsian} {Alternative}},
	author       = {Haila, Yrjö and Taylor, Peter},
	year         = 2001,
	journal      = {Biology and Philosophy},
	volume       = 16,
	number       = 1,
	pages        = {93--102},
	keywords     = {ecology, Levins, philosophy of ecology}
}
@article{roth_mathematics_2011,
	title        = {Mathematics and biology: a {Kantian} view on the history of pattern formation theory},
	shorttitle   = {Mathematics and biology},
	author       = {Roth, Siegfried},
	year         = 2011,
	journal      = {Development Genes and Evolution},
	volume       = 221,
	number       = 5,
	pages        = {255--279},
	keywords     = {Chemical oscillations, Dissipative structure, Lateral inhibition, Local activation, Spatial patterning, Turing pattern}
}
@article{gunawardena_models_2014,
	title        = {Models in biology: ‘accurate descriptions of our pathetic thinking’},
	shorttitle   = {Models in biology},
	author       = {Gunawardena, Jeremy},
	year         = 2014,
	journal      = {BMC Biology},
	volume       = 12,
	number       = 1,
	pages        = 29
}
@article{lefkaditou_holism_2006,
	title        = {Holism and {Reductionism} in {Ecology}: {A} {Trivial} {Dichotomy} and {Levins}' {Non}-trivial {Account}},
	shorttitle   = {Holism and {Reductionism} in {Ecology}},
	author       = {Lefkaditou, Ageliki and Stamou, George P.},
	year         = 2006,
	journal      = {History and Philosophy of the Life Sciences},
	volume       = 28,
	number       = 3,
	pages        = {313--336},
	annote       = {Trivial}
}
@article{levins_holism_1994,
	title        = {Holism and reductionism in ecology},
	author       = {Levins, Richard and Lewontin, Richard C.},
	year         = 1994,
	journal      = {Capitalism Nature Socialism},
	volume       = 5,
	number       = 4,
	pages        = {33--40},
	annote       = {reductionism}
}
@article{levins_internal_1998,
	title        = {The internal and external in explanatory theories},
	author       = {Levins, Richard},
	year         = 1998,
	journal      = {Science as Culture},
	volume       = 7,
	number       = 4,
	pages        = {557--582}
}
@article{schoener_mechanistic_1986,
	title        = {Mechanistic {Approaches} to {Community} {Ecology}: {A} {New} {Reductionism}},
	shorttitle   = {Mechanistic {Approaches} to {Community} {Ecology}},
	author       = {Schoener, Thomas W.},
	year         = 1986,
	journal      = {Integrative and Comparative Biology},
	volume       = 26,
	number       = 1,
	pages        = {81--106}
}
@article{miller_critical_2005,
	title        = {A {Critical} {Review} of {Twenty} {Years}’ {Use} of the {Resource}‐{Ratio} {Theory}.},
	author       = {Miller, Thomas E. and Burns, Jean H. and Munguia, Pablo and Walters, Eric L. and Kneitel, Jamie M. and Richards, Paul M. and Mouquet, Nicolas and Buckley, Hannah L.},
	year         = 2005,
	journal      = {The American Naturalist},
	volume       = 165,
	number       = 4,
	pages        = {439--448}
}
@article{inouye_response_2001,
	title        = {Response surface experimental designs for investigating interspecific competition},
	author       = {Inouye, Brian D.},
	year         = 2001,
	journal      = {Ecology},
	volume       = 82,
	number       = 10,
	pages        = {2696--2706}
}
@article{edwards_revisiting_2007,
	title        = {Revisiting {Lévy} flight search patterns of wandering albatrosses, bumblebees and deer},
	author       = {Edwards, Andrew M. and Phillips, Richard A. and Watkins, Nicholas W. and Freeman, Mervyn P. and Murphy, Eugene J. and Afanasyev, Vsevolod and Buldyrev, Sergey V. and da Luz, M. G. E. and Raposo, E. P. and Stanley, H. Eugene and Viswanathan, Gandhimohan M.},
	year         = 2007,
	journal      = {Nature},
	volume       = 449,
	number       = 7165,
	pages        = {1044--1048}
}
@article{noauthor_notitle_nodate,
}
@article{bramon_mora_identifying_2018,
	title        = {Identifying a common backbone of interactions underlying food webs from different ecosystems},
	author       = {Bramon Mora, Bernat and Gravel, Dominique and Gilarranz, Luis J. and Poisot, Timothée and Stouffer, Daniel B.},
	year         = 2018,
	journal      = {Nature Communications},
	volume       = 9,
	number       = 1,
	pages        = 2603
}
@article{best_pollinator_1982,
	title        = {Pollinator {Foraging} on {Foxglove} ({Digitalis} purpurea): {A} {Test} of a {New} {Model}},
	shorttitle   = {Pollinator {Foraging} on {Foxglove} ({Digitalis} purpurea)},
	author       = {Best, Lynn S. and Bierzychudek, Paulette},
	year         = 1982,
	journal      = {Evolution},
	volume       = 36,
	number       = 1,
	pages        = {70--79},
	annote       = {Digitalis}
}
@article{stanley_chronic_2016,
	title        = {Chronic exposure to a neonicotinoid pesticide alters the interactions between bumblebees and wild plants},
	author       = {Stanley, Dara A. and Raine, Nigel E.},
	year         = 2016,
	journal      = {Functional Ecology},
	volume       = 30,
	number       = 7,
	pages        = {1132--1139},
	copyright    = {© 2016 The Authors. Functional Ecology published by John Wiley \& Sons Ltd on behalf of British Ecological Society.},
	keywords     = {bumble bee Bombus terrestris, ecotoxicology, flower visitation, foraging behaviour, insecticide, pollen, pollinator declines},
	annote       = {neonicotinoid}
}
@article{heinrich_energetics_1972,
	title        = {Energetics and {Pollination} {Ecology}},
	author       = {Heinrich, Bernd and Raven, Peter H.},
	year         = 1972,
	journal      = {Science},
	volume       = 176,
	number       = 4035,
	pages        = {597--602},
	annote       = {Pollination}
}
@book{bolker_ecological_2008,
	title        = {Ecological {Models} and {Data} in {R}},
	author       = {Bolker, Benjamin M.},
	year         = 2008,
	publisher    = {Princeton University Press},
	isbn         = {978-1-4008-4090-8},
	note         = {Google-Books-ID: flyBd1rpqeoC},
	keywords     = {Computers / Mathematical \& Statistical Software, Mathematics / Probability \& Statistics / General, Nature / Ecology, Reference / Research, Science / Research \& Methodology},
	annote       = {Ecological}
}
@misc{ayers_effect_nodate,
	title        = {The effect of sub-lethal neonicotinoid pesticide exposure on functionally-relevant bee foraging behaviors in a single versus multiple species context},
	author       = {Ayers, Carolyn A. and Dobbs, Emily K. and Mayrand, Anna and Brosi, Berry J.}
}
@book{heinrich_bumblebee_2004,
	title        = {Bumblebee economics},
	author       = {Heinrich, Bernd},
	year         = 2004,
	publisher    = {Harvard University Press}
}
@article{may_mutualistic_1982,
	title        = {Mutualistic interactions among species},
	author       = {May, Robert M.},
	year         = 1982,
	journal      = {Nature},
	volume       = 296,
	number       = 5860,
	pages        = 803
}
@article{jones_nicotinic_2006,
	title        = {The nicotinic acetylcholine receptor gene family of the honey bee, {Apis} mellifera},
	author       = {Jones, Andrew K. and Raymond-Delpech, Valerie and Thany, Steeve H. and Gauthier, Monique and Sattelle, David B.},
	year         = 2006,
	journal      = {Genome Research},
	volume       = 16,
	number       = 11,
	pages        = {1422--1430},
	pmid         = 17065616
}
@article{morris_benefit_2010,
	title        = {Benefit and cost curves for typical pollination mutualisms},
	author       = {Morris, William F. and Vázquez, Diego P. and Chacoff, Natacha P.},
	year         = 2010,
	journal      = {Ecology},
	volume       = 91,
	number       = 5,
	pages        = {1276--1285},
	copyright    = {© 2010 by the Ecological Society of America},
	keywords     = {interaction frequency, benefits and costs of mutualism, density dependence, nectar robbery, pollinating seed–consumer mutualism},
	annote       = {show}
}
@article{keasar_bees_2002,
	title        = {Bees in two-armed bandit situations: foraging choices and possible decision mechanisms},
	author       = {Keasar, Tamar and Rashkovich, Ella and Cohen, Dan and Shmida, Avi},
	year         = 2002,
	journal      = {Behavioral Ecology},
	volume       = 13,
	number       = 6,
	pages        = {757--765}
}
@article{yang_abnormal_2008,
	title        = {Abnormal {Foraging} {Behavior} {Induced} by {Sublethal} {Dosage} of {Imidacloprid} in the {Honey} {Bee} ({Hymenoptera}: {Apidae})},
	shorttitle   = {Abnormal {Foraging} {Behavior} {Induced} by {Sublethal} {Dosage} of {Imidacloprid} in the {Honey} {Bee} ({Hymenoptera}},
	author       = {Yang, E. C. and Chuang, Y. C. and Chen, Y. L. and Chang, L. H.},
	year         = 2008,
	journal      = {Journal of Economic Entomology},
	volume       = 101,
	number       = 6,
	pages        = {1743--1748}
}
@article{katti_review_1968,
	title        = {Review of {Handbook} of the {Poisson} {Distribution}},
	author       = {Katti, S. K. and Rao, A. Vijaya},
	year         = 1968,
	journal      = {Technometrics},
	volume       = 10,
	number       = 2,
	pages        = {412--412},
	collaborator = {Haight, F. A.}
}
@article{inouye_resource_1978,
	title        = {Resource {Partitioning} in {Bumblebees}: {Experimental} {Studies} of {Foraging} {Behavior}},
	shorttitle   = {Resource {Partitioning} in {Bumblebees}},
	author       = {Inouye, David W.},
	year         = 1978,
	journal      = {Ecology},
	volume       = 59,
	number       = 4,
	pages        = {672--678},
	copyright    = {© 1978 by the Ecological Society of America},
	annote       = {Bumblebees}
}
@article{sutherland_identification_2013,
	title        = {Identification of 100 fundamental ecological questions},
	author       = {Sutherland, William J. and Freckleton, Robert P. and Godfray, H. Charles J. and Beissinger, Steven R. and Benton, Tim and Cameron, Duncan D. and Carmel, Yohay and Coomes, David A. and Coulson, Tim and Emmerson, Mark C. and Hails, Rosemary S. and Hays, Graeme C. and Hodgson, Dave J. and Hutchings, Michael J. and Johnson, David and Jones, Julia P. G. and Keeling, Matt J. and Kokko, Hanna and Kunin, William E. and Lambin, Xavier and Lewis, Owen T. and Malhi, Yadvinder and Mieszkowska, Nova and Milner‐Gulland, E. J. and Norris, Ken and Phillimore, Albert B. and Purves, Drew W. and Reid, Jane M. and Reuman, Daniel C. and Thompson, Ken and Travis, Justin M. J. and Turnbull, Lindsay A. and Wardle, David A. and Wiegand, Thorsten},
	year         = 2013,
	journal      = {Journal of Ecology},
	volume       = 101,
	number       = 1,
	pages        = {58--67},
	copyright    = {© 2013 The Authors. Journal of Ecology © 2013 British Ecological Society},
	keywords     = {community ecology, ecology, ecosystems, evolutionary ecology, population ecology, research priorities},
	annote       = {fundamental}
}
@article{cibula_bumblebee_1987,
	title        = {Bumblebee {Foraging} {Behavior}: {Changes} in {Departure} {Decisions} as a {Function} of {Experimental} {Nectar} {Manipulations}},
	shorttitle   = {Bumblebee {Foraging} {Behavior}},
	author       = {Cibula, Donald A. and Zimmerman, Michael},
	year         = 1987,
	journal      = {The American Midland Naturalist},
	volume       = 117,
	number       = 2,
	pages        = {386--394},
	annote       = {Function}
}
@article{wright_simple_1989,
	title        = {A {Simple}, {Stable} {Model} of {Mutualism} {Incorporating} {Handling} {Time}},
	author       = {Wright, David Hamilton},
	year         = 1989,
	journal      = {The American Naturalist},
	volume       = 134,
	number       = 4,
	pages        = {664--667},
	annote       = {of}
}
@article{goulson_foraging_1999,
	title        = {Foraging strategies of insects for gathering nectar and pollen, and implications for plant ecology and evolution},
	author       = {Goulson, Dave},
	year         = 1999,
	journal      = {Perspectives in Plant Ecology, Evolution and Systematics},
	volume       = 2,
	number       = 2,
	pages        = {185--209},
	keywords     = {departure rules, flower constancy, ideal free distribution, marginal value theorem, optimal foraging, scent marks, systematic searching},
	annote       = {evolution},
	annote       = {insects}
}
@article{goulson_foraging_1998,
	title        = {Foraging bumblebees avoid flowers already visited by conspecifics or by other bumblebee species},
	author       = {Goulson, DAVE and Hawson, SADIE A and Stout, JANE C},
	year         = 1998,
	journal      = {Animal Behaviour},
	volume       = 55,
	number       = 1,
	pages        = {199--206},
	annote       = {by},
	annote       = {other}
}
@article{bronstein_our_1994,
	title        = {Our {Current} {Understanding} of {Mutualism}},
	author       = {Bronstein, Judith L.},
	year         = 1994,
	journal      = {The Quarterly Review of Biology},
	volume       = 69,
	number       = 1,
	pages        = {31--51}
}
@article{zimmerman_competition_1982,
	title        = {Competition among {Pollinators}: {Quantification} of {Available} {Resources}},
	shorttitle   = {Competition among {Pollinators}},
	author       = {Zimmerman, Michael and Pleasants, John M.},
	year         = 1982,
	journal      = {Oikos},
	volume       = 38,
	number       = 3,
	pages        = {381--383}
}
@article{ingvarsson_pollinator_1995,
	title        = {Pollinator functional response and plant population dynamics: {Pollinators} as a limiting resource},
	shorttitle   = {Pollinator functional response and plant population dynamics},
	author       = {Ingvarsson, Pär K. and Lundberg, Sigfrid},
	year         = 1995,
	journal      = {Evolutionary Ecology},
	volume       = 9,
	number       = 4,
	pages        = {421--428},
	keywords     = {functional response, plant regulation, pollen limitation, pollinator foraging behaviour}
}
@article{jeschke_predator_2002,
	title        = {Predator functional responses: discriminating between handling and digesting prey},
	shorttitle   = {Predator functional responses},
	author       = {Jeschke, Jonathan M. and Kopp, Michael and Tollrian, Ralph},
	year         = 2002,
	journal      = {Ecological Monographs},
	volume       = 72,
	number       = 1,
	pages        = {95--112}
}
@article{vazquez_conceptual_2015,
	title        = {A conceptual framework for studying the strength of plant–animal mutualistic interactions},
	author       = {Vázquez, Diego P. and Ramos‐Jiliberto, Rodrigo and Urbani, Pasquinell and Valdovinos, Fernanda S.},
	year         = 2015,
	journal      = {Ecology Letters},
	volume       = 18,
	number       = 4,
	pages        = {385--400},
	copyright    = {© 2015 John Wiley \& Sons Ltd/CNRS},
	keywords     = {interaction strength, mutualism, plant–animal interactions, Ecological networks, long-term effects, short-term effects}
}
@article{deangelis_emergence_2006,
	title        = {Emergence of ratio-dependent and predator-dependent functional responses for pollination mutualism and seed parasitism},
	author       = {DeAngelis, Donald L. and Holland, J. Nathaniel},
	year         = 2006,
	journal      = {Ecological Modelling},
	volume       = 191,
	number       = 3,
	pages        = {551--556},
	keywords     = {Consumer–resource model, Individual-based model, Pollination, Predator-dependent functional response, Ratio-dependent functional response, Seed parasitism}
}
@article{holland_population_2001,
	title        = {Population dynamics and the ecological stability of obligate pollination mutualisms},
	author       = {Holland, J. Nathaniel and DeAngelis, Donald L.},
	year         = 2001,
	journal      = {Oecologia},
	volume       = 126,
	number       = 4,
	pages        = {575--586},
	keywords     = {Functional response, Benefits, Costs, Fruit abortion, Mutualism}
}
@article{holland_consumerresource_2010,
	title        = {A consumer–resource approach to the density-dependent population dynamics of mutualism},
	author       = {Holland, J. Nathaniel and DeAngelis, Donald L.},
	year         = 2010,
	journal      = {Ecology},
	volume       = 91,
	number       = 5,
	pages        = {1286--1295},
	copyright    = {© 2010 by the Ecological Society of America},
	keywords     = {functional response, consumer–resource interaction, context dependent, density dependent, equilibrium, indirect interaction, resource supply, stability, transient behavior}
}
@article{herrera_pollinator_1989,
	title        = {Pollinator abundance, morphology, and flower visitation rate: analysis of the “quantity” component in a plant-pollinator system},
	shorttitle   = {Pollinator abundance, morphology, and flower visitation rate},
	author       = {Herrera, Carlos M.},
	year         = 1989,
	journal      = {Oecologia},
	volume       = 80,
	number       = 2,
	pages        = {241--248},
	keywords     = {Mutualism, Foraging behavior, Lavandula latifolia, Pollinator abundance, Specialization}
}
@article{schaffer_competition_1983,
	title        = {Competition for {Nectar} between {Introduced} {Honey} {Bees} and {Native} {North} {American} {Bees} and {Ants}},
	author       = {Schaffer, William M. and Zeh, David W. and Buchmann, Stephen L. and Kleinhans, Suzanne and Schaffer, M. Valentine and Antrim, Jeb},
	year         = 1983,
	journal      = {Ecology},
	volume       = 64,
	number       = 3,
	pages        = {564--577},
	copyright    = {© 1983 by the Ecological Society of America}
}
@article{huisman_formal_1997,
	title        = {A {Formal} {Derivation} of the “{Beddington}” {Functional} {Response}},
	author       = {Huisman, Gert and De Boer, Rob J.},
	year         = 1997,
	journal      = {Journal of Theoretical Biology},
	volume       = 185,
	number       = 3,
	pages        = {389--400}
}
@article{valdovinos_adaptive_2013,
	title        = {Adaptive foraging allows the maintenance of biodiversity of pollination networks},
	author       = {Valdovinos, Fernanda S. and De Espanés, Pablo Moisset and Flores, José D. and Ramos-Jiliberto, Rodrigo},
	year         = 2013,
	journal      = {Oikos},
	volume       = 122,
	number       = 6,
	pages        = {907--917}
}
@article{valdovinos_consequences_2010,
	title        = {Consequences of adaptive behaviour for the structure and dynamics of food webs},
	author       = {Valdovinos, Fernanda S. and Ramos‐Jiliberto, Rodrigo and Garay‐Narváez, Leslie and Urbani, Pasquinell and Dunne, Jennifer A.},
	year         = 2010,
	journal      = {Ecology Letters},
	volume       = 13,
	number       = 12,
	pages        = {1546--1559},
	copyright    = {© 2010 Blackwell Publishing Ltd/CNRS},
	keywords     = {population dynamics, ecological networks, Adaptive dynamics, adaptive foraging, anti-predator responses, community stability, community structure, resilience, robustness, stability–complexity debate}
}
@article{bronstein_costs_2001,
	title        = {The {Costs} of {Mutualism}},
	author       = {Bronstein, Judith L.},
	year         = 2001,
	journal      = {Integrative and Comparative Biology},
	volume       = 41,
	number       = 4,
	pages        = {825--839},
	annote       = {describe}
}
@article{chesson_interaction_2008,
	title        = {The interaction between predation and competition},
	author       = {Chesson, Peter and Kuang, Jessica J.},
	year         = 2008,
	journal      = {Nature},
	volume       = 456,
	number       = 7219,
	pages        = {235--238},
	copyright    = {2008 Nature Publishing Group}
}
@article{abrams_effects_1990,
	title        = {The {Effects} of {Adaptive} {Behavior} on the {Type}-2 {Functional} {Response}},
	author       = {Abrams, Peter A.},
	year         = 1990,
	journal      = {Ecology},
	volume       = 71,
	number       = 3,
	pages        = {877--885},
	copyright    = {© 1990 by the Ecological Society of America},
	keywords     = {predation, foraging, functional response, optimal foraging, disc equation, handling time, type-2 response},
	annote       = {2 Functional Response}
}
@article{bascompte_plant-animal_2007,
	title        = {Plant-{Animal} {Mutualistic} {Networks}: {The} {Architecture} of {Biodiversity}},
	shorttitle   = {Plant-{Animal} {Mutualistic} {Networks}},
	author       = {Bascompte, Jordi and Jordano, Pedro},
	year         = 2007,
	journal      = {Annual Review of Ecology, Evolution, and Systematics},
	volume       = 38,
	number       = 1,
	pages        = {567--593},
	annote       = {asymmetric}
}
@article{godoy_intransitivity_2017,
	title        = {Intransitivity is infrequent and fails to promote annual plant coexistence without pairwise niche differences},
	author       = {Godoy, Oscar and Stouffer, Daniel B. and Kraft, Nathan J. B. and Levine, Jonathan M.},
	year         = 2017,
	journal      = {Ecology},
	volume       = 98,
	number       = 5,
	pages        = {1193--1200},
	copyright    = {© 2017 by the Ecological Society of America},
	keywords     = {California grasslands, competitive networks, functional traits, intransitive competition, rock-paper-scissors dynamics, stabilizing processes, trait dispersion patterns},
	annote       = {However}
}
@article{ellner_expanded_2019,
	title        = {An expanded modern coexistence theory for empirical applications},
	author       = {Ellner, Stephen P. and Snyder, Robin E. and Adler, Peter B. and Hooker, Giles},
	year         = 2019,
	journal      = {Ecology Letters},
	volume       = 22,
	number       = 1,
	pages        = {3--18},
	copyright    = {© 2018 John Wiley \& Sons Ltd/CNRS},
	keywords     = {competition, Coexistence, environmental variability, model, theory},
	annote       = {ecology}
}
@article{hastings_disturbance_1980,
	title        = {Disturbance, coexistence, history, and competition for space},
	author       = {Hastings, Alan},
	year         = 1980,
	journal      = {Theoretical Population Biology},
	volume       = 18,
	number       = 3,
	pages        = {363--373},
	annote       = {to}
}
@article{levine_beyond_2017,
	title        = {Beyond pairwise mechanisms of species coexistence in complex communities},
	author       = {Levine, Jonathan M. and Bascompte, Jordi and Adler, Peter B. and Allesina, Stefano},
	year         = 2017,
	journal      = {Nature},
	volume       = 546,
	number       = 7656,
	pages        = {56--64},
	copyright    = {2017 Nature Publishing Group},
	annote       = {communities}
}
@article{grainger_applying_2019,
	title        = {Applying modern coexistence theory to priority effects},
	author       = {Grainger, Tess Nahanni and Letten, Andrew D. and Gilbert, Benjamin and Fukami, Tadashi},
	year         = 2019,
	journal      = {Proceedings of the National Academy of Sciences},
	pages        = 201803122,
	copyright    = {© 2019 . Published under the PNAS license.},
	pmid         = 30850518,
	keywords     = {invasion criterion, competition, fitness difference, niche difference, stabilizing difference},
	annote       = {modern}
}
@misc{noauthor_proposal_2019,
	title        = {Proposal},
	year         = 2019,
}
@book{chase_ecological_2003,
	title        = {Ecological {Niches}: {Linking} {Classical} and {Contemporary} {Approaches}},
	shorttitle   = {Ecological {Niches}},
	author       = {Chase, Jonathan M. and Leibold, Mathew A.},
	year         = 2003,
	publisher    = {University of Chicago Press},
	isbn         = {978-0-226-10180-4},
	note         = {Google-Books-ID: Ssmcl\_ubQUQC},
	keywords     = {Nature / General, Science / General, Science / Life Sciences / Ecology}
}
@article{holling_functional_1966,
	title        = {The {Functional} {Response} of {Invertebrate} {Predators} to {Prey} {Density1}},
	author       = {Holling, C. S.},
	year         = 1966,
	journal      = {The Memoirs of the Entomological Society of Canada},
	volume       = 98,
	number       = {S48},
	pages        = {5--86},
	annote       = {Invertebrate}
}
@incollection{lotka_growth_1978,
	title        = {The growth of mixed populations: {Two} species competing for a common food supply},
	shorttitle   = {The growth of mixed populations},
	author       = {Lotka, Alfred J.},
	year         = 1978,
	booktitle    = {The {Golden} {Age} of {Theoretical} {Ecology}: 1923–1940},
	publisher    = {Springer Berlin Heidelberg},
	address      = {Berlin, Heidelberg},
	pages        = {274--286},
	isbn         = {978-3-642-50151-7},
	editor       = {Scudo, Francesco M. and Ziegler, James R.},
	keywords     = {Integral Curf, Integral Curve, Laboratory Population, Mixed Population, Unstable Equilibrium},
	annote       = {common}
}
@article{callaway_positive_2002,
	title        = {Positive interactions among alpine plants increase with stress},
	author       = {Callaway, Ragan M. and Brooker, R. W. and Choler, Philippe and Kikvidze, Zaal and Lortie, Christopher J. and Michalet, Richard and Paolini, Leonardo and Pugnaire, Francisco I. and Newingham, Beth and Aschehoug, Erik T. and Armas, Cristina and Kikodze, David and Cook, Bradley J.},
	year         = 2002,
	journal      = {Nature},
	volume       = 417,
	number       = 6891,
	pages        = {844--848},
	copyright    = {2002 Nature Publishing Group},
	annote       = {plant}
}
@article{chamberlain_how_2014,
	title        = {How context dependent are species interactions?},
	author       = {Chamberlain, Scott A. and Bronstein, Judith L. and Rudgers, Jennifer A.},
	year         = 2014,
	journal      = {Ecology Letters},
	volume       = 17,
	number       = 7,
	pages        = {881--890},
	copyright    = {© 2014 John Wiley \& Sons Ltd/CNRS},
	keywords     = {interaction strength, Coefficient of variation, community context, conditionality, distributed outcomes, meta-analysis},
	annote       = {species}
}
@article{ojeda_soil_2010,
	title        = {Soil shapes community structure through fire},
	author       = {Ojeda, Fernando and Pausas, Juli G. and Verdú, Miguel},
	year         = 2010,
	journal      = {Oecologia},
	volume       = 163,
	number       = 3,
	pages        = {729--735},
	keywords     = {Community phylogenetics, Fire traits, Mediterranean heathlands, Nutrient-poor soils, Phenotypic clustering},
	annote       = {structure}
}
@article{dornbush_experimental_2010,
	title        = {Experimental manipulation of soil depth alters species richness and co-occurrence in restored tallgrass prairie},
	author       = {Dornbush, Mathew E. and Wilsey, Brian J.},
	year         = 2010,
	journal      = {Journal of Ecology},
	volume       = 98,
	number       = 1,
	pages        = {117--125},
	copyright    = {© 2009 The Authors. Journal compilation © 2009 British Ecological Society},
	keywords     = {community assembly, below-ground processes, niche partitioning, plant diversity, roots, soil depth, tallgrass prairie},
	annote       = {tallgrass}
}
@article{snyder_local_2003,
	title        = {Local dispersal can facilitate coexistence in the presence of permanent spatial heterogeneity},
	author       = {Snyder, Robin E. and Chesson, Peter},
	year         = 2003,
	journal      = {Ecology Letters},
	volume       = 6,
	number       = 4,
	pages        = {301--309},
	keywords     = {Coexistence, dispersal, spatial ecology, spatial heterogeneity},
	annote       = {coexistence}
}
@article{benadi_population_2012,
	title        = {Population {Dynamics} of {Plant} and {Pollinator} {Communities}: {Stability} {Reconsidered}},
	shorttitle   = {Population {Dynamics} of {Plant} and {Pollinator} {Communities}},
	author       = {Benadi, Gita and Blüthgen, Nico and Hovestadt, Thomas and Poethke, Hans-Joachim},
	year         = 2012,
	journal      = {The American Naturalist},
	volume       = 179,
	number       = 2,
	pages        = {157--168}
}
@article{dormann_experimental_2005,
	title        = {Experimental evidence rejects pairwise modelling approach to coexistence in plant communities},
	author       = {Dormann, Carsten F and Roxburgh, Stephen H},
	year         = 2005,
	journal      = {Proceedings of the Royal Society B: Biological Sciences},
	volume       = 272,
	number       = 1569,
	pages        = {1279--1285}
}
@article{okuyama_network_2008,
	title        = {Network structural properties mediate the stability of mutualistic communities},
	author       = {Okuyama, Toshinori and Holland, J. Nathaniel},
	year         = 2008,
	journal      = {Ecology Letters},
	volume       = 11,
	number       = 3,
	pages        = {208--216}
}
@article{thompson_dynamics_2006,
	title        = {Dynamics of mutualist populations that are demographically open},
	author       = {Thompson, Andrew R. and Nisbet, Roger M. and Schmitt, Russell J.},
	year         = 2006,
	journal      = {Journal of Animal Ecology},
	volume       = 75,
	number       = 6,
	pages        = {1239--1251}
}
@article{abrams_decreasing_1989,
	title        = {Decreasing functional responses as a result of adaptive consumer behavior},
	author       = {Abrams, Peter A.},
	year         = 1989,
	journal      = {Evolutionary Ecology},
	volume       = 3,
	number       = 2,
	pages        = {95--114}
}
@article{chesson_chessons_nodate,
	title        = {Chesson's coexistence theory: {Comment}},
	shorttitle   = {Chesson's coexistence theory},
	author       = {Chesson, Peter},
	journal      = {Ecology},
	volume       = {n/a},
	number       = {n/a},
	pages        = {e02851},
	copyright    = {© 2019 by the Ecological Society of America},
	annote       = {Comment}
}
@article{jeltsch_give_2019,
	title        = {Give chance a chance: from coexistence to coviability in biodiversity theory},
	shorttitle   = {Give chance a chance},
	author       = {Jeltsch, Florian and Grimm, Volker and Reeg, Jette and Schlägel, Ulrike E.},
	year         = 2019,
	journal      = {Ecosphere},
	volume       = 10,
	number       = 5,
	pages        = {e02700},
	copyright    = {© 2019 The Authors.},
	keywords     = {coexistence, behavioral plasticity, biodiversity, community theory, coviability analysis, demographic noise, environmental noise, heterogeneity, individual-based modeling, intraspecific trait variation, modern coexistence theory, population viability analysis}
}
@article{song_consequences_2019,
	title        = {On the {Consequences} of the {Interdependence} of {Stabilizing} and {Equalizing} {Mechanisms}},
	author       = {Song, Chuliang and Barabás, György and Saavedra, Serguei},
	year         = 2019,
	journal      = {The American Naturalist},
	volume       = 194,
	number       = 5,
	pages        = {627--639}
}
@article{shoemaker_integrating_2019,
	title        = {Integrating the underlying structure of stochasticity into community ecology},
	author       = {Shoemaker, Lauren G. and Sullivan, Lauren L. and Donohue, Ian and Cabral, Juliano S. and Williams, Ryan J. and Mayfield, Margaret M. and Chase, Jonathan M. and Chu, Chengjin and Harpole, W. Stanley and Huth, Andreas and HilleRisLambers, Janneke and James, Aubrie R. M. and Kraft, Nathan J. B. and May, Felix and Muthukrishnan, Ranjan and Satterlee, Sean and Taubert, Franziska and Wang, Xugao and Wiegand, Thorsten and Yang, Qiang and Abbott, Karen C.},
	year         = 2019,
	journal      = {Ecology}
}
@misc{noauthor_song_et_al_tree_2020pdf_nodate,
	title        = {Song\_et\_al\_TREE\_2020.pdf},
	journal      = {Dropbox}
}
@article{grainger_invasion_2019,
	title        = {The {Invasion} {Criterion}: {A} {Common} {Currency} for {Ecological} {Research}},
	shorttitle   = {The {Invasion} {Criterion}},
	author       = {Grainger, Tess Nahanni and Levine, Jonathan M. and Gilbert, Benjamin},
	year         = 2019,
	journal      = {Trends in Ecology \& Evolution},
	volume       = 34,
	number       = 10,
	pages        = {925--935},
	keywords     = {fitness difference, modern coexistence theory, mutual invasibility, invasion growth rates, stabilizing niche difference}
}
@article{hart_effects_2019,
	title        = {Effects of rapid evolution on species coexistence},
	author       = {Hart, Simon P. and Turcotte, Martin M. and Levine, Jonathan M.},
	year         = 2019,
	journal      = {Proceedings of the National Academy of Sciences},
	volume       = 116,
	number       = 6,
	pages        = {2112--2117},
	copyright    = {© 2019 . https://www.pnas.org/site/aboutpnas/licenses.xhtmlPublished under the PNAS license.},
	pmid         = 30659157,
	keywords     = {competition, biodiversity, character displacement, diversity maintenance, eco-evolutionary dynamics}
}
@misc{noauthor_information_nodate,
	title        = {Information limitation and the dynamics of coupled ecological systems {\textbar} {Nature} {Ecology} \& {Evolution}}
}
@article{pinsky_species_2019,
	title        = {Species coexistence through competition and rapid evolution},
	author       = {Pinsky, Malin L.},
	year         = 2019,
	journal      = {Proceedings of the National Academy of Sciences},
	volume       = 116,
	number       = 7,
	pages        = {2407--2409},
	copyright    = {© 2019 . https://www.pnas.org/site/aboutpnas/licenses.xhtmlPublished under the PNAS license.},
	pmid         = 30692267
}
@article{leibold_regional_2019,
	title        = {Regional neutrality evolves through local adaptive niche evolution},
	author       = {Leibold, Mathew A. and Urban, Mark C. and De Meester, Luc and Klausmeier, Christopher A. and Vanoverbeke, Joost},
	year         = 2019,
	journal      = {Proceedings of the National Academy of Sciences},
	volume       = 116,
	number       = 7,
	pages        = {2612--2617}
}
@article{song_towards_2020,
	title        = {Towards a {Probabilistic} {Understanding} {About} the {Context}-{Dependency} of {Species} {Interactions}},
	author       = {Song, Chuliang and Von Ahn, Sarah and Rohr, Rudolf P. and Saavedra, Serguei},
	year         = 2020,
	journal      = {Trends in Ecology \& Evolution},
	keywords     = {mutualism, structural stability, competition, environmental variability, antagonism, context-dependency, interaction switches, probability diagrams},
	annote       = {Context}
}
@article{song_disentangling_nodate,
	title        = {Disentangling the effects of external perturbations on coexistence and priority effects},
	author       = {Song, Chuliang and Rohr, Rudolf P. and Vasseur, David and Saavedra, Serguei},
	journal      = {Journal of Ecology},
	volume       = {n/a},
	number       = {n/a},
	copyright    = {© 2020 British Ecological Society},
	keywords     = {Coexistence, Competition Strengths, Intrinsic Growth Rates, Modern Coexistence Theory, Priority Effects, Structural Approach, Tolerance to Perturbations}
}
@article{laland_cause_2011,
	title        = {Cause and {Effect} in {Biology} {Revisited}: {Is} {Mayr}’s {Proximate}-{Ultimate} {Dichotomy} {Still} {Useful}?},
	shorttitle   = {Cause and {Effect} in {Biology} {Revisited}},
	author       = {Laland, Kevin N. and Sterelny, Kim and Odling-Smee, John and Hoppitt, William and Uller, Tobias},
	year         = 2011,
	journal      = {Science},
	volume       = 334,
	number       = 6062,
	pages        = {1512--1516},
	copyright    = {Copyright © 2011, American Association for the Advancement of Science},
	pmid         = 22174243
}
@article{kylafis_niche_2011,
	title        = {Niche construction in the light of niche theory: {Niche} construction in light of niche theory},
	shorttitle   = {Niche construction in the light of niche theory},
	author       = {Kylafis, Grigoris and Loreau, Michel},
	year         = 2011,
	journal      = {Ecology Letters},
	volume       = 14,
	number       = 2,
	pages        = {82--90}
}
@article{scott-phillips_niche_2014,
	title        = {{THE} {NICHE} {CONSTRUCTION} {PERSPECTIVE}: {A} {CRITICAL} {APPRAISAL}: {PERSPECTIVE}},
	shorttitle   = {{THE} {NICHE} {CONSTRUCTION} {PERSPECTIVE}},
	author       = {Scott-Phillips, Thomas C. and Laland, Kevin N. and Shuker, David M. and Dickins, Thomas E. and West, Stuart A.},
	year         = 2014,
	journal      = {Evolution},
	volume       = 68,
	number       = 5,
	pages        = {1231--1243}
}
@article{lai_functional_nodate,
	title        = {Functional traits that moderate tropical tree recruitment during post-windstorm secondary succession},
	author       = {Lai, Hao Ran and Chong, Kwek Yan and Yee, Alex Thiam Koon and Tan, Hugh Tiang Wah and Breugel, Michiel van},
	journal      = {Journal of Ecology},
	volume       = {n/a},
	number       = {n/a},
	copyright    = {© 2020 British Ecological Society},
	keywords     = {community assembly, canopy gaps, disturbance, environmental filtering, fourth corner, secondary succession, trait–environment interaction, windstorm}
}
@article{thomson_competitive_2004,
	title        = {Competitive {Interactions} {Between} the {Invasive} {European} {Honey} {Bee} and {Native} {Bumble} {Bees}},
	author       = {Thomson, Diane},
	year         = 2004,
	journal      = {Ecology},
	volume       = 85,
	number       = 2,
	pages        = {458--470},
	copyright    = {© 2004 by the Ecological Society of America},
	keywords     = {competition, pollinators, Apis mellifera, biological invasion, bumble bee, colony, reproductive success}
}
@article{heinrich_energetics_1973,
	title        = {The {Energetics} of the {Bumblebee}},
	author       = {Heinrich, Bernd},
	year         = 1973,
	journal      = {Scientific American},
	volume       = 228,
	number       = 4,
	pages        = {96--105}
}
@article{cnaani_flower_2006,
	title        = {Flower {Choice} and {Learning} in {Foraging} {Bumblebees}: {Effects} of {Variation} in {Nectar} {Volume} and {Concentration}},
	shorttitle   = {Flower {Choice} and {Learning} in {Foraging} {Bumblebees}},
	author       = {Cnaani, Jonathan and Thomson, James D. and Papaj, Daniel R.},
	year         = 2006,
	journal      = {Ethology},
	volume       = 112,
	number       = 3,
	pages        = {278--285}
}
@article{westphal_foraging_2006,
	title        = {Foraging trip duration of bumblebees in relation to landscape-wide resource availability},
	author       = {Westphal, Catrin and Steffan‐Dewenter, Ingolf and Tscharntke, Teja},
	year         = 2006,
	journal      = {Ecological Entomology},
	volume       = 31,
	number       = 4,
	pages        = {389--394},
	copyright    = {2006 The Royal Entomological Society},
	keywords     = {pollination, Agroecosystems, Bombus terrestris, colony growth, conservation, landscape structure, large-scale resource availability, Phacelia tanacetifolia}
}
@article{biernaskie_bumblebees_2009,
	title        = {Bumblebees {Learn} to {Forage} like {Bayesians}.},
	author       = {Biernaskie, Jay M. and Walker, Steven C. and Gegear, Robert J.},
	year         = 2009,
	journal      = {The American Naturalist},
	volume       = 174,
	number       = 3,
	pages        = {413--423}
}
@book{grolemund_1_nodate,
	title        = {1 {Introduction} {\textbar} {R} for {Data} {Science}},
	author       = {Grolemund, Garrett and Wickham, Hadley}
}
@article{jha_resource_2013,
	title        = {Resource diversity and landscape-level homogeneity drive native bee foraging},
	author       = {Jha, S. and Kremen, C.},
	year         = 2013,
	journal      = {Proceedings of the National Academy of Sciences},
	volume       = 110,
	number       = 2,
	pages        = {555--558}
}
@article{burkner_advanced_2017,
	title        = {Advanced {Bayesian} {Multilevel} {Modeling} with the {R} {Package} brms},
	author       = {Bürkner, Paul-Christian},
	year         = 2017,
	journal      = {arXiv:1705.11123},
	keywords     = {Statistics - Computation},
	annote       = {Modeling}
}
@article{blacquiere_neonicotinoids_2012,
	title        = {Neonicotinoids in bees: a review on concentrations, side-effects and risk assessment},
	shorttitle   = {Neonicotinoids in bees},
	author       = {Blacquière, Tjeerd and Smagghe, Guy and van Gestel, Cornelis A. M. and Mommaerts, Veerle},
	year         = 2012,
	journal      = {Ecotoxicology},
	volume       = 21,
	number       = 4,
	pages        = {973--992},
	annote       = {side}
}
@article{maienfisch_chemistry_2001,
	title        = {Chemistry and biology of thiamethoxam: a second generation neonicotinoid},
	shorttitle   = {Chemistry and biology of thiamethoxam},
	author       = {Maienfisch, Peter and Angst, Max and Brandl, Franz and Fischer, Willi and Hofer, Dieter and Kayser, Hartmut and Kobel, Werner and Rindlisbacher, Alfred and Senn, Robert and Steinemann, Adrian and Widmer, Hansjürg},
	year         = 2001,
	journal      = {Pest Management Science},
	volume       = 57,
	number       = 10,
	pages        = {906--913},
	copyright    = {© 2001 Society of Chemical Industry},
	keywords     = {3, 4-nitroimino-1, 5-oxadiazinanes, chemical and physical properties, discovery, field performance, insecticides, mode of action, neonicotinoids, safety profile, structure-activity relationships, synthesis, thiamethoxam, use rates},
	annote       = {thiamethoxam}
}
@article{morrison_agricultural_2020,
	title        = {Agricultural intensification drives changes in hybrid network robustness by modifying network structure},
	author       = {Morrison, Beth M. L. and Brosi, Berry J. and Dirzo, Rodolfo},
	year         = 2020,
	journal      = {Ecology Letters},
	volume       = 23,
	number       = 2,
	pages        = {359--369},
	copyright    = {© 2019 John Wiley \& Sons Ltd/CNRS},
	note         = {\_eprint: https://onlinelibrary.wiley.com/doi/pdf/10.1111/ele.13440},
	keywords     = {Agroecology, community ecology, stability, robustness, biodiversity, plant-insect interactions, species interaction networks},
	annote       = {structure}
}
@misc{noauthor_effects_nodate,
	title        = {The effects of forest fragmentation on bee communities in tropical countryside - {Brosi} - 2008 - {Journal} of {Applied} {Ecology} - {Wiley} {Online} {Library}}
}
@article{spaak_intuitive_nodate,
	title        = {Intuitive and broadly applicable definitions of niche and fitness differences},
	author       = {Spaak, Jurg W. and Laender, Frederik De},
	journal      = {Ecology Letters},
	volume       = {n/a},
	number       = {n/a},
	copyright    = {© 2020 John Wiley \& Sons Ltd/CNRS},
	note         = {\_eprint: https://onlinelibrary.wiley.com/doi/pdf/10.1111/ele.13511},
	keywords     = {mutualism, competition, fitness differences, Coexistence, multispecies, niche differences},
	annote       = {differences}
}
@article{brosi_effects_2008,
	title        = {The effects of forest fragmentation on bee communities in tropical countryside},
	author       = {Brosi, Berry J. and Daily, Gretchen C. and Shih, Tiffany M. and Oviedo, Federico and Durán, Guillermo},
	year         = 2008,
	journal      = {Journal of Applied Ecology},
	volume       = 45,
	number       = 3,
	pages        = {773--783},
	copyright    = {© 2007 The Authors. Journal compilation © 2007 British Ecological Society},
	note         = {\_eprint: https://besjournals.onlinelibrary.wiley.com/doi/pdf/10.1111/j.1365-2664.2007.01412.x},
	keywords     = {pollination, conservation, agro-ecosystems, Apoidea, ecosystem services, Euglossini, landscape ecology, Meliponini},
	annote       = {fragmentation}
}
@article{kremen_crop_2002,
	title        = {Crop pollination from native bees at risk from agricultural intensification},
	author       = {Kremen, Claire and Williams, Neal M. and Thorp, Robbin W.},
	year         = 2002,
	journal      = {Proceedings of the National Academy of Sciences},
	volume       = 99,
	number       = 26,
	pages        = {16812--16816},
	copyright    = {Copyright © 2002, The National Academy of Sciences},
	note         = {Publisher: National Academy of Sciences Section: Biological Sciences},
	pmid         = 12486221,
	keywords     = {biodiversity, Apis mellifera, agriculture, ecosystem service, native bee},
	annote       = {from},
	annote       = {intensification},
	annote       = {native}
}
@article{laska_theoretical_1998,
	title        = {Theoretical {Concepts} and {Empirical} {Approaches} to {Measuring} {Interaction} {Strength}},
	author       = {Laska, Mark S. and Wootton, J. Timothy},
	year         = 1998,
	journal      = {Ecology},
	volume       = 79,
	number       = 2,
	pages        = {461--476},
	copyright    = {© 1998 by the Ecological Society of America},
	note         = {\_eprint: https://esajournals.onlinelibrary.wiley.com/doi/pdf/10.1890/0012-9658\%281998\%29079\%5B0461\%3ATCAEAT\%5D2.0.CO\%3B2},
	keywords     = {interaction strength, competition, community matrix, dynamic regression, experiment, food web, Jacobian matrix, Lotka-Volterra model, observation, per capita effects, simulation},
	annote       = {EMPIRICAL},
	annote       = {STRENGTH}
}
@article{goulson_review_2013,
	title        = { An overview of the environmental risks posed by neonicotinoid insecticides},
	shorttitle   = {{REVIEW}},
	author       = {Goulson, Dave},
	year         = 2013,
	journal      = {Journal of Applied Ecology},
	volume       = 50,
	number       = 4,
	pages        = {977--987}
}
@article{noauthor_error_nodate,
	title        = {Error},
	annote       = {exist}
}
@article{novak_quantifying_2017,
	title        = {Quantifying predator dependence in the functional response of generalist predators},
	author       = {Novak, Mark and Wolf, Christopher and Coblentz, Kyle E. and Shepard, Isaac D.},
	year         = 2017,
	journal      = {Ecology Letters},
	volume       = 20,
	number       = 6,
	pages        = {761--769},
	copyright    = {© 2017 John Wiley \& Sons Ltd/CNRS},
	note         = {\_eprint: https://onlinelibrary.wiley.com/doi/pdf/10.1111/ele.12777},
	keywords     = {food webs, Beddington–DeAngelis functional response, consumer dependence, interaction modification, interaction strengths, mutual predator effects, Nucella whelks, per capita attack rates, prey preference},
	annote       = {in}
}
@article{golubski_modifying_2011,
	title        = {Modifying modifiers: what happens when interspecific interactions interact?},
	shorttitle   = {Modifying modifiers},
	author       = {Golubski, Antonio J. and Abrams, Peter A.},
	year         = 2011,
	journal      = {Journal of Animal Ecology},
	volume       = 80,
	number       = 5,
	pages        = {1097--1108},
	copyright    = {© 2011 The Authors. Journal of Animal Ecology © 2011 British Ecological Society},
	note         = {\_eprint: https://besjournals.onlinelibrary.wiley.com/doi/pdf/10.1111/j.1365-2656.2011.01852.x},
	keywords     = {food webs, foraging, behaviour, diversity, IM, indirect interactions, interaction modifications, nontrophic interactions, TMII, trait-mediated indirect interactions},
	annote       = {what}
}
@article{novak_estimating_2010,
	title        = {Estimating interaction strengths in nature: experimental support for an observational approach},
	shorttitle   = {Estimating interaction strengths in nature},
	author       = {Novak, Mark},
	year         = 2010,
	journal      = {Ecology},
	volume       = 91,
	number       = 8,
	pages        = {2394--2405},
	copyright    = {© 2010 by the Ecological Society of America},
	note         = {\_eprint: https://esajournals.onlinelibrary.wiley.com/doi/pdf/10.1890/09-0275.1},
	keywords     = {food webs, species interactions, functional response, attack rates, Haustrum scobina, New Zealand intertidal, parameter estimation, per capita interaction strengths, whelks, Xenostrobus pulex},
	annote       = {strengths}
}
@article{valdovinos_niche_2016,
	title        = {Niche partitioning due to adaptive foraging reverses effects of nestedness and connectance on pollination network stability},
	author       = {Valdovinos, Fernanda S. and Brosi, Berry J. and Briggs, Heather M. and Espanés, Pablo Moisset de and Ramos‐Jiliberto, Rodrigo and Martinez, Neo D.},
	year         = 2016,
	journal      = {Ecology Letters},
	volume       = 19,
	number       = 10,
	pages        = {1277--1286},
	copyright    = {© 2016 John Wiley \& Sons Ltd/CNRS},
	note         = {\_eprint: https://onlinelibrary.wiley.com/doi/pdf/10.1111/ele.12664},
	keywords     = {population dynamics, mechanistic models, community stability, Adaptive behaviour, consumer-resource interactions, mutualistic networks},
	annote       = {connectance}
}
@article{schweiger_multiple_2010,
	title        = {Multiple stressors on biotic interactions: how climate change and alien species interact to affect pollination},
	shorttitle   = {Multiple stressors on biotic interactions},
	author       = {Schweiger, Oliver and Biesmeijer, Jacobus C. and Bommarco, Riccardo and Hickler, Thomas and Hulme, Philip E. and Klotz, Stefan and Kühn, Ingolf and Moora, Mari and Nielsen, Anders and Ohlemüller, Ralf and Petanidou, Theodora and Potts, Simon G. and Pyšek, Petr and Stout, Jane C. and Sykes, Martin T. and Tscheulin, Thomas and Vilà, Montserrat and Walther, Gian-Reto and Westphal, Catrin and Winter, Marten and Zobel, Martin and Settele, Josef},
	year         = 2010,
	journal      = {Biological Reviews},
	volume       = 85,
	number       = 4,
	pages        = {777--795},
	copyright    = {© 2010 The Authors. Biological Reviews © 2010 Cambridge Philosophical Society},
	note         = {\_eprint: https://onlinelibrary.wiley.com/doi/pdf/10.1111/j.1469-185X.2010.00125.x},
	keywords     = {species interactions, pollination, competition, biological invasions, ecosystem services, ecosystem functions, global change, higher order effects, multiple drivers},
	annote       = {interactions}
}
@article{roubik_competitive_1978,
	title        = {Competitive {Interactions} {Between} {Neotropical} {Pollinators} and {Africanized} {Honey} {Bees}},
	author       = {Roubik, David W.},
	year         = 1978,
	journal      = {Science},
	volume       = 201,
	number       = 4360,
	copyright    = {1978 by the American Association for the Advancement of Science},
	pmid         = 17743636
}
@article{bowers_density_1986,
	title        = {Density dynamics of bumblebees in subalpine meadows: competition and resource limitation},
	shorttitle   = {Density dynamics of bumblebees in subalpine meadows},
	author       = {Bowers, Michael A.},
	year         = 1986,
	journal      = {Ecography},
	volume       = 9,
	number       = 3,
	pages        = {175--184},
	note         = {\_eprint: https://onlinelibrary.wiley.com/doi/pdf/10.1111/j.1600-0587.1986.tb01207.x},
	annote       = {subalpine}
}
@article{valientebanuet_beyond_2015,
	title        = {Beyond species loss: the extinction of ecological interactions in a changing world},
	shorttitle   = {Beyond species loss},
	author       = {Valiente‐Banuet, Alfonso and Aizen, Marcelo A. and Alcántara, Julio M. and Arroyo, Juan and Cocucci, Andrea and Galetti, Mauro and García, María B. and García, Daniel and Gómez, José M. and Jordano, Pedro and Medel, Rodrigo and Navarro, Luis and Obeso, José R. and Oviedo, Ramona and Ramírez, Nelson and Rey, Pedro J. and Traveset, Anna and Verdú, Miguel and Zamora, Regino},
	year         = 2015,
	journal      = {Functional Ecology},
	volume       = 29,
	number       = 3,
	pages        = {299--307},
	copyright    = {© 2014 The Authors. Functional Ecology © 2014 British Ecological Society},
	note         = {\_eprint: https://besjournals.onlinelibrary.wiley.com/doi/pdf/10.1111/1365-2435.12356},
	keywords     = {diversity, biotic interactions, co-evolution, extinction debt of ecological interactions, global change drivers},
	annote       = {of}
}
@article{frund_bee_2013,
	title        = {Bee diversity effects on pollination depend on functional complementarity and niche shifts},
	author       = {Fründ, Jochen and Dormann, Carsten F. and Holzschuh, Andrea and Tscharntke, Teja},
	year         = 2013,
	journal      = {Ecology},
	volume       = 94,
	number       = 9,
	pages        = {2042--2054},
	copyright    = {© 2013 by the Ecological Society of America},
	keywords     = {plant reproduction, plant–animal interactions, interspecific competition, biodiversity–ecosystem functioning, complementarity effect, functional diversity, niche plasticity, plant pollinator network, specialization},
	annote       = {depend}
}
@article{greenleaf_wild_2006,
	title        = {Wild bees enhance honey bees’ pollination of hybrid sunflower},
	author       = {Greenleaf, Sarah S. and Kremen, Claire},
	year         = 2006,
	journal      = {Proceedings of the National Academy of Sciences},
	volume       = 103,
	number       = 37,
	pages        = {13890--13895},
	copyright    = {© 2006 by The National Academy of Sciences of the USA},
	pmid         = 16940358,
	keywords     = {biodiversity, conservation, agriculture, ecosystem services, Helianthus annuus},
	annote       = {pollination}
}
@article{palmer_competition_2003,
	title        = {Competition and {Coexistence}: {Exploring} {Mechanisms} {That} {Restrict} and {Maintain} {Diversity} within {Mutualist} {Guilds}.},
	shorttitle   = {Competition and {Coexistence}},
	author       = {Palmer, Todd M. and Stanton, Maureen L. and Young, Truman P.},
	year         = 2003,
	journal      = {The American Naturalist},
	volume       = 162,
	number       = {S4},
	pages        = {S63--S79},
	note         = {Publisher: The University of Chicago Press},
	annote       = {Diversity}
}
@article{gill_chronic_2014,
	title        = {Chronic impairment of bumblebee natural foraging behaviour induced by sublethal pesticide exposure},
	author       = {Gill, Richard J. and Raine, Nigel E.},
	year         = 2014,
	journal      = {Functional Ecology},
	volume       = 28,
	number       = 6,
	pages        = {1459--1471},
	copyright    = {© 2014 The Authors. Functional Ecology © 2014 British Ecological Society},
	keywords     = {bumble bee colony, crop pollination, imidacloprid, insect pollinator, lambda-cyhalothrin, neonicotinoid, pyrethroid},
	annote       = {bumblebee}
}
@article{schoener_field_1983,
	title        = {Field {Experiments} on {Interspecific} {Competition}},
	author       = {Schoener, Thomas W.},
	year         = 1983,
	journal      = {The American Naturalist},
	volume       = 122,
	number       = 2,
	pages        = {240--285},
	note         = {Publisher: The University of Chicago Press},
	annote       = {Interspecific}
}
@article{thomson_detecting_2006,
	title        = {Detecting the effects of introduced species: a case study of competition between {Apis} and {Bombus}},
	shorttitle   = {Detecting the effects of introduced species},
	author       = {Thomson, Diane M.},
	year         = 2006,
	journal      = {Oikos},
	volume       = 114,
	number       = 3,
	pages        = {407--418},
	annote       = {between}
}
@article{song_guideline_2018,
	title        = {A guideline to study the feasibility domain of multi-trophic and changing ecological communities},
	author       = {Song, Chuliang and Rohr, Rudolf P. and Saavedra, Serguei},
	year         = 2018,
	journal      = {Journal of Theoretical Biology},
	volume       = 450,
	pages        = {30--36}
}
@article{cenci_rethinking_2018,
	title        = {Rethinking the importance of the structure of ecological networks under an environment-dependent framework},
	author       = {Cenci, Simone and Song, Chuliang and Saavedra, Serguei},
	year         = 2018,
	journal      = {Ecology and Evolution},
	volume       = 8,
	number       = 14,
	pages        = {6852--6859},
	copyright    = {© 2018 The Authors. Ecology and Evolution published by John Wiley \& Sons Ltd.},
	note         = {\_eprint: https://onlinelibrary.wiley.com/doi/pdf/10.1002/ece3.4252},
	keywords     = {feasibility, community structure, dynamics, environment, persistence},
	annote       = {dependent}
}
@misc{noauthor_combined_nodate,
	title        = {Combined pesticide exposure severely affects individual- and colony-level traits in bees {\textbar} {Nature}}
}
@article{mommaerts_risk_2009,
	title        = {Risk assessment for side-effects of neonicotinoids against bumblebees with and without impairing foraging behavior},
	author       = {Mommaerts, Veerle and Reynders, Sofie and Boulet, Jana and Besard, Linde and Sterk, Guido and Smagghe, Guy},
	year         = 2009,
	journal      = {Ecotoxicology},
	volume       = 19,
	number       = 1,
	pages        = 207,
	annote       = {bumblebees}
}
@article{morandin_effects_2003,
	title        = {Effects of {Novel} {Pesticides} on {Bumble} {Bee} ({Hymenoptera}: {Apidae}) {Colony} {Health} and {Foraging} {Ability}},
	shorttitle   = {Effects of {Novel} {Pesticides} on {Bumble} {Bee} ({Hymenoptera}},
	author       = {Morandin, Lora A. and Winston, Mark L.},
	year         = 2003,
	journal      = {Environmental Entomology},
	volume       = 32,
	number       = 3,
	pages        = {555--563},
	note         = {Publisher: Oxford Academic},
	annote       = {Colony},
	annote       = {Hymenoptera}
}
@article{brosi_single_2013,
	title        = {Single pollinator species losses reduce floral fidelity and plant reproductive function},
	author       = {Brosi, Berry J. and Briggs, Heather M.},
	year         = 2013,
	journal      = {Proceedings of the National Academy of Sciences},
	volume       = 110,
	number       = 32,
	pages        = {13044--13048},
	pmid         = 23878216,
	keywords     = {ecosystem services, ecosystem function, foraging biology, phenotypic plasticity},
	annote       = {reproductive}
}
@article{heinrich_resource_1979,
	title        = {Resource heterogeneity and patterns of movement in foraging bumblebees},
	author       = {Heinrich, Bernd},
	year         = 1979,
	journal      = {Oecologia},
	volume       = 40,
	number       = 3,
	pages        = {235--245},
	annote       = {movement}
}
@article{adler_general_1994,
	title        = {A {General} {Test} for {Interaction} {Modification}},
	author       = {Adler, Frederick R. and Morris, William F.},
	year         = 1994,
	journal      = {Ecology},
	volume       = 75,
	number       = 6,
	pages        = {1552--1559}
}
@article{desneux_sublethal_2007,
	title        = {The {Sublethal} {Effects} of {Pesticides} on {Beneficial} {Arthropods}},
	author       = {Desneux, Nicolas and Decourtye, Axel and Delpuech, Jean-Marie},
	year         = 2007,
	journal      = {Annual Review of Entomology},
	volume       = 52,
	number       = 1,
	pages        = {81--106},
	pmid         = 16842032
}
@article{goulson_evidence_2009,
	title        = {Evidence for competition between honeybees and bumblebees; effects on bumblebee worker size},
	author       = {Goulson, David and Sparrow, Kate R.},
	year         = 2009,
	journal      = {Journal of Insect Conservation},
	volume       = 13,
	number       = 2,
	pages        = {177--181}
}
@article{westphal_mass_2003,
	title        = {Mass flowering crops enhance pollinator densities at a landscape scale},
	author       = {Westphal, Catrin and Steffan‐Dewenter, Ingolf and Tscharntke, Teja},
	year         = 2003,
	journal      = {Ecology Letters},
	volume       = 6,
	number       = 11,
	pages        = {961--965},
	keywords     = {pollination, landscape structure, Agri-environment schemes, Bombus spp, bumblebees, conservation measures, foraging habitats, landscape-scale study, mass flowering crops, nesting sites}
}
@article{goulson_effects_2003,
	title        = {Effects of {Introduced} {Bees} on {Native} {Ecosystems}},
	author       = {Goulson, Dave},
	year         = 2003,
	journal      = {Annual Review of Ecology, Evolution, and Systematics},
	volume       = 34,
	number       = 1,
	pages        = {1--26}
}
@article{delpuech_increase_2005,
	title        = {Increase of the {Behavioral} {Response} to {Kairomones} by the {Parasitoid} {Wasp} {Leptopilina} heterotoma {Surviving} {Insecticides}},
	author       = {Delpuech, J. M and Bardon, C. and Boulétreau, M.},
	year         = 2005,
	journal      = {Archives of Environmental Contamination and Toxicology},
	volume       = 49,
	number       = 2,
	pages        = {186--191}
}
@article{gill_combined_2012,
	title        = {Combined pesticide exposure severely affects individual- and colony-level traits in bees},
	author       = {Gill, Richard J. and Ramos-Rodriguez, Oscar and Raine, Nigel E.},
	year         = 2012,
	journal      = {Nature},
	volume       = 491,
	number       = 7422,
	pages        = {105--108},
	copyright    = {2012 Nature Publishing Group, a division of Macmillan Publishers Limited. All Rights Reserved.}
}
@article{chesson_general_2000,
	title        = {General {Theory} of {Competitive} {Coexistence} in {Spatially}-{Varying} {Environments}},
	author       = {Chesson, Peter},
	year         = 2000,
	journal      = {Theoretical Population Biology},
	volume       = 58,
	number       = 3,
	pages        = {211--237}
}
@article{lichtenberg_noisy_2020,
	title        = {Noisy communities and signal detection: why do foragers visit rewardless flowers?},
	shorttitle   = {Noisy communities and signal detection},
	author       = {Lichtenberg, Elinor M. and Heiling, Jacob M. and Bronstein, Judith L. and Barker, Jessica L.},
	year         = 2020,
	journal      = {Philosophical Transactions of the Royal Society B: Biological Sciences},
	volume       = 375,
	number       = 1802,
	pages        = 20190486
}
@article{pattrick_mechanics_2020,
	title        = {The mechanics of nectar offloading in the bumblebee \textit{{Bombus} terrestris} and implications for optimal concentrations during nectar foraging},
	author       = {Pattrick, Jonathan G. and Symington, Hamish A. and Federle, Walter and Glover, Beverley J.},
	year         = 2020,
	journal      = {Journal of The Royal Society Interface},
	volume       = 17,
	number       = 162,
	pages        = 20190632
}
@article{phillips_drought_2018,
	title        = {Drought reduces floral resources for pollinators},
	author       = {Phillips, Benjamin B. and Shaw, Rosalind F. and Holland, Matthew J. and Fry, Ellen L. and Bardgett, Richard D. and Bullock, James M. and Osborne, Juliet L.},
	year         = 2018,
	journal      = {Global Change Biology},
	volume       = 24,
	number       = 7,
	pages        = {3226--3235}
}
@article{jones_influence_2015,
	title        = {The influence of past experience with flower reward quality on social learning in bumblebees},
	author       = {Jones, Patricia L. and Ryan, Michael J. and Chittka, Lars},
	year         = 2015,
	journal      = {Animal Behaviour},
	volume       = 101,
	pages        = {11--18}
}
@article{thomson_response_1987,
	title        = {Response of traplining bumble bees to competition experiments: shifts in feeding location and efficiency},
	shorttitle   = {Response of traplining bumble bees to competition experiments},
	author       = {Thomson, J. D. and Peterson, S. C. and Harder, L. D.},
	year         = 1987,
	journal      = {Oecologia},
	volume       = 71,
	number       = 2,
	pages        = {295--300}
}
@article{ayers_statistically_2018,
	title        = {Statistically testing the role of individual learning and decision-making in trapline foraging},
	author       = {Ayers, Carolyn A and Armsworth, Paul R and Brosi, Berry J},
	year         = 2018,
	journal      = {Behavioral Ecology},
	volume       = 29,
	number       = 4,
	pages        = {885--893}
}
@phdthesis{briggs_competitive_2016,
	title        = {Competitive context drives pollinator behavior: linking foraging plasticity, natural pollen deposition, and plant reproduction},
	shorttitle   = {Competitive context drives pollinator behavior},
	author       = {Briggs, Heather Mae},
	year         = 2016,
	school       = {UC Santa Cruz}
}
@article{vehtari_rank-normalization_2020,
	title        = {Rank-normalization, folding, and localization: An improved R for assessing convergence of {MCMC}},
	shorttitle   = {Rank-normalization, folding, and localization},
	author       = {Vehtari, Aki and Gelman, Andrew and Simpson, Daniel and Carpenter, Bob and Bürkner, Paul-Christian},
	year         = 2020,
	note         = {arXiv: 1903.08008},
	keywords     = {Statistics - Computation, Statistics - Methodology},
	annote       = {Comment: Minor revision for improved clarity}
}
@article{law_response-surface_1987,
	title        = {Response-{Surface} {Analysis} of {Two}-{Species} {Competition}: {An} {Experiment} on {Phleum} {Arenarium} and {Vulpia} {Fasciculata}},
	shorttitle   = {Response-{Surface} {Analysis} of {Two}-{Species} {Competition}},
	author       = {Law, R. and Watkinson, A. R.},
	year         = 1987,
	journal      = {Journal of Ecology},
	volume       = 75,
	number       = 3,
	pages        = {871--886}
}
@article{beddington_mutual_1975,
	title        = {Mutual {Interference} {Between} {Parasites} or {Predators} and its {Effect} on {Searching} {Efficiency}},
	author       = {Beddington, J. R.},
	year         = 1975,
	journal      = {Journal of Animal Ecology},
	volume       = 44,
	number       = 1,
	pages        = {331--340}
}
@article{cosner_effects_1999,
	title        = {Effects of {Spatial} {Grouping} on the {Functional} {Response} of {Predators}},
	author       = {Cosner, Chris and DeAngelis, Donald L. and Ault, Jerald S. and Olson, Donald B.},
	year         = 1999,
	journal      = {Theoretical Population Biology},
	volume       = 56,
	number       = 1,
	pages        = {65--75},
	keywords     = {functional response, spatial heterogeneity, Beddington–DeAngelis models, Hassell–Varley models, predator-prey}
}
@article{deangelis_model_1975,
	title        = {A {Model} for {Tropic} {Interaction}},
	author       = {DeAngelis, D. L. and Goldstein, R. A. and O'Neill, R. V.},
	year         = 1975,
	journal      = {Ecology},
	volume       = 56,
	number       = 4,
	pages        = {881--892},
	copyright    = {© 1975 by the Ecological Society of America}
}
@article{schreiber_evolution_2018,
	title        = {Evolution as a {Coexistence} {Mechanism}: {Does} {Genetic} {Architecture} {Matter}?},
	shorttitle   = {Evolution as a {Coexistence} {Mechanism}},
	author       = {Schreiber, Sebastian J. and Patel, Swati and terHorst, Casey},
	year         = 2018,
	journal      = {The American Naturalist},
	volume       = 191,
	number       = 3,
	pages        = {407--420},
	annote       = {Sebastian J. Schreiber}
}
@article{connallon_evolutionary_2019,
	title        = {Evolutionary {Consequences} of {Sex}-{Specific} {Selection} in {Variable} {Environments}: {Four} {Simple} {Models} {Reveal} {Diverse} {Evolutionary} {Outcomes}},
	shorttitle   = {Evolutionary {Consequences} of {Sex}-{Specific} {Selection} in {Variable} {Environments}},
	author       = {Connallon, Tim and Sharma, Shefali and Olito, Colin},
	year         = 2019,
	journal      = {The American Naturalist},
	volume       = 193,
	number       = 1,
	pages        = {93--105}
}
@article{barabas_self-regulation_2017,
	title        = {Self-regulation and the stability of large ecological networks},
	author       = {Barabás, György and Michalska-Smith, Matthew J. and Allesina, Stefano},
	year         = 2017,
	journal      = {Nature Ecology \& Evolution},
	volume       = 1,
	number       = 12,
	pages        = {1870--1875},
	copyright    = {2017 The Author(s)}
}
@article{barabas_chessons_nodate,
	title        = {Chesson’s coexistence theory: reply},
	shorttitle   = {Chesson’s coexistence theory},
	author       = {Barabás, György and D’Andrea, Rafael},
	journal      = {Ecology},
	volume       = {n/a},
	number       = {n/a},
	pages        = {e03140},
	copyright    = {This article is protected by copyright. All rights reserved.}
}
@article{liautaud_superorganisms_2019,
	title        = {Superorganisms or loose collections of species? {A} unifying theory of community patterns along environmental gradients},
	shorttitle   = {Superorganisms or loose collections of species?},
	author       = {Liautaud, Kevin and Nes, Egbert H. van and Barbier, Matthieu and Scheffer, Marten and Loreau, Michel},
	year         = 2019,
	journal      = {Ecology Letters},
	volume       = 22,
	number       = 8,
	pages        = {1243--1252},
	copyright    = {© 2019 John Wiley \& Sons Ltd/CNRS},
	keywords     = {environmental gradient, Alternative stable states, community organisation, competition theory, critical transitions, Lotka–Volterra model}
}
@article{choler_facilitation_2001,
	title        = {Facilitation and {Competition} on {Gradients} in {Alpine} {Plant} {Communities}},
	author       = {Choler, Philippe and Michalet, Richard and Callaway, Ragan M.},
	year         = 2001,
	journal      = {Ecology},
	volume       = 82,
	number       = 12,
	pages        = {3295--3308},
	copyright    = {© 2001 by the Ecological Society of America},
	keywords     = {competition, facilitation, alpine tundra, elevation gradient, log response ratio (LRR), niche theory, ordination, plant communities, plant interactions, relative competitive index (RCI), removal experiment, topography gradient}
}
@article{bearup_ecotone_2017,
	title        = {Ecotone formation induced by the effects of tidal flooding: {A} conceptual model of the mud flat-coastal wetland ecosystem},
	shorttitle   = {Ecotone formation induced by the effects of tidal flooding},
	author       = {Bearup, Daniel and Blasius, Bernd},
	year         = 2017,
	journal      = {Ecological Complexity},
	volume       = 32,
	pages        = {217--227},
	keywords     = {Competition, Ecosystem engineering, Ecotone structure, Intertidal ecosystem, Stochastic perturbation}
}
@article{liautaud_ecotone_2020,
	title        = {Ecotone formation through ecological niche construction: the role of biodiversity and species interactions},
	shorttitle   = {Ecotone formation through ecological niche construction},
	author       = {Liautaud, Kevin and Barbier, Matthieu and Loreau, Michel},
	year         = 2020,
	journal      = {Ecography},
	volume       = 43,
	number       = 5,
	pages        = {714--723},
	copyright    = {© 2020 The Authors. Ecography published by John Wiley \& Sons Ltd on behalf of Nordic Society Oikos},
	keywords     = {species interactions, biodiversity, community patterns, ecological niche construction, ecosystem engineers, ecotones}
}
@article{fried_communities_2016,
	title        = {Communities as cliques},
	author       = {Fried, Yael and Kessler, David A. and Shnerb, Nadav M.},
	year         = 2016,
	journal      = {Scientific Reports},
	volume       = 6,
	number       = 1,
	pages        = 35648,
	copyright    = {2016 The Author(s)}
}
@article{miller_ghost_2009,
	title        = {The {Ghost} of {Competition} {Present}.},
	author       = {Miller, T. E. and terHorst, C. P. and Burns, J. H.},
	year         = 2009,
	journal      = {The American Naturalist},
	volume       = 173,
	number       = 3,
	pages        = {347--353},
	annote       = {gest that the traits of unsuccessful species in the regional pool may also be important for understanding which species are successful in communities. We construct}
}
@article{fort_quantitative_2018,
	title        = {Quantitative predictions from competition theory with an incomplete knowledge of model parameters tested against experiments across diverse taxa},
	author       = {Fort, Hugo},
	year         = 2018,
	journal      = {Ecological Modelling},
	volume       = 368,
	pages        = {104--110},
	keywords     = {Biodiversity–ecosystem functioning experiments, Quantitative Lotka-Volterra competition theory}
}
@article{waltherhellwig_foraging_2000,
	title        = {Foraging habitats and foraging distances of bumblebees, {Bombus} spp. ({Hym}., {Apidae}), in an agricultural landscape},
	author       = {Walther‐Hellwig, K. and Frankl, R.},
	year         = 2000,
	journal      = {Journal of Applied Entomology},
	volume       = 124,
	number       = {7-8},
	pages        = {299--306},
	note         = {\_eprint: https://onlinelibrary.wiley.com/doi/pdf/10.1046/j.1439-0418.2000.00484.x},
	annote       = {nces of B. muscorum were more restricted to the neighbourhood of the nesting habitat than the foraging activity of B. terrestris and B. lapidarius. High percentages of B. terrestris workers were recaptured while foraging on super‐abundant resources in distance}
}
@article{thomson_effects_1988,
	title        = {Effects of variation in inflorescence size and floral rewards on the visitation rates of traplining pollinators {ofAralia} hispida},
	author       = {Thomson, James D.},
	year         = 1988,
	journal      = {Evolutionary Ecology},
	volume       = 2,
	number       = 1,
	pages        = {65--76}
}
@article{klein_foraging_2004,
	title        = {Foraging trip duration and density of megachilid bees, eumenid wasps and pompilid wasps in tropical agroforestry systems},
	author       = {Klein, Alexandra-Maria and Steffan‐Dewenter, Ingolf and Tscharntke, Teja},
	year         = 2004,
	journal      = {Journal of Animal Ecology},
	volume       = 73,
	number       = 3,
	pages        = {517--525},
	note         = {\_eprint: https://besjournals.onlinelibrary.wiley.com/doi/pdf/10.1111/j.0021-8790.2004.00826.x},
	keywords     = {predation, pollination, landscape ecology, bioindication, trap nests}
}
@article{thomson_patterns_1982,
	title        = {Patterns of {Visitation} by {Animal} {Pollinators}},
	author       = {Thomson, James D.},
	year         = 1982,
	journal      = {Oikos},
	volume       = 39,
	number       = 2,
	pages        = 241
}
@article{thomson_importance_2020,
	title        = {The importance of competition between insect pollinators in the {Anthropocene}},
	author       = {Thomson, Diane M and Page, Maureen L},
	year         = 2020,
	journal      = {Current Opinion in Insect Science},
	volume       = 38,
	pages        = {55--62}
}
@article{hassell_discrete_1976,
	title        = {Discrete time models for two-species competition},
	author       = {Hassell, M. P. and Comins, H. N.},
	year         = 1976,
	journal      = {Theoretical Population Biology},
	volume       = 9,
	number       = 2,
	pages        = {202--221}
}
@article{hassell_density-dependence_1975,
	title        = {Density-{Dependence} in {Single}-{Species} {Populations}},
	author       = {Hassell, M. P.},
	year         = 1975,
	journal      = {Journal of Animal Ecology},
	volume       = 44,
	number       = 1,
	pages        = {283--295},
	note         = {Publisher: [Wiley, British Ecological Society]}
}
@article{watkinson_density-dependence_1980,
	title        = {Density-dependence in single-species populations of plants},
	author       = {Watkinson, A. R.},
	year         = 1980,
	journal      = {Journal of Theoretical Biology},
	volume       = 83,
	number       = 2,
	pages        = {345--357}
}
@misc{noauthor_statisticalrethinking2pdf_nodate,
	title        = {statisticalrethinking2.pdf},
	journal      = {Google Docs}
}
@article{allesina_stabilitycomplexity_2015,
	title        = {The stability–complexity relationship at age 40: a random matrix perspective},
	shorttitle   = {The stability–complexity relationship at age 40},
	author       = {Allesina, Stefano and Tang, Si},
	year         = 2015,
	journal      = {Population Ecology},
	volume       = 57,
	number       = 1,
	pages        = {63--75},
	copyright    = {© 2015 The Society of Population Ecology},
	note         = {\_eprint: https://esj-journals.onlinelibrary.wiley.com/doi/pdf/10.1007/s10144-014-0471-0},
	keywords     = {Complexity, Eigenvalue, Food web, Random matrix, Stability}
}
@article{cenci_structural_2018,
	title        = {Structural stability of nonlinear population dynamics},
	author       = {Cenci, Simone and Saavedra, Serguei},
	year         = 2018,
	journal      = {Physical Review E},
	volume       = 97,
	number       = 1,
	pages        = {012401}
}
@article{grilli_feasibility_2017,
	title        = {Feasibility and coexistence of large ecological communities},
	author       = {Grilli, Jacopo and Adorisio, Matteo and Suweis, Samir and Barabás, György and Banavar, Jayanth R. and Allesina, Stefano and Maritan, Amos},
	year         = 2017,
	journal      = {Nature Communications},
	volume       = 8,
	number       = 1,
	pages        = 14389,
	copyright    = {2017 The Author(s)},
	note         = {Number: 1 Publisher: Nature Publishing Group}
}
@book{noauthor_sci-hub_nodate,
	title        = {Sci-{Hub}: removing barriers in the way of science},
	shorttitle   = {Sci-{Hub}}
}
@book{moreno_becas_nodate,
	title        = {Becas en {Nueva} {Zelanda} para países {Latinoamericanos}},
	author       = {Moreno, Alejandra},
	note         = {Publication Title: Más Oportunidades}
}
@article{noauthor_notitle_nodate-2,
}
@book{noauthor_proposal_2019-1,
	title        = {Proposal},
	year         = 2019,
}
@book{noauthor_song_et_al_tree_2020pdf_nodate-1,
	title        = {Song\_et\_al\_TREE\_2020.pdf},
	note         = {Publication Title: Dropbox}
}
@book{noauthor_information_nodate-1,
	title        = {Information limitation and the dynamics of coupled ecological systems {\textbackslash}textbar {Nature} {Ecology} \& {Evolution}}
}
@book{grolemund_1_nodate-1,
	title        = {1 {Introduction} {\textbackslash}textbar {R} for {Data} {Science}},
	author       = {Grolemund, Garrett and Wickham, Hadley}
}
@book{team_r_2019,
	title        = {R: {A} {Language} and {Environment} for {Statistical} {Computing}},
	author       = {Team, R. Core},
	year         = 2019,
	address      = {Vienna, Austria}
}
@book{noauthor_effects_nodate-1,
	title        = {The effects of forest fragmentation on bee communities in tropical countryside - {Brosi} - 2008 - {Journal} of {Applied} {Ecology} - {Wiley} {Online} {Library}}
}
@article{noauthor_error_nodate-1,
	title        = {Error},
	annote       = {exist}
}
@book{noauthor_combined_nodate-1,
	title        = {Combined pesticide exposure severely affects individual- and colony-level traits in bees {\textbackslash}textbar {Nature}}
}
@article{vehtari_rank-normalization_2020-1,
	title        = {Rank-normalization, folding, and localization: {An} improved \${\textbackslash}textbackslashwidehat\{{R}\}\$ for assessing convergence of {MCMC}},
	shorttitle   = {Rank-normalization, folding, and localization},
	author       = {Vehtari, Aki and Gelman, Andrew and Simpson, Daniel and Carpenter, Bob and Bürkner, Paul-Christian},
	year         = 2020,
	journal      = {arXiv:1903.08008 [stat]},
	keywords     = {Statistics - Computation, Statistics - Methodology},
	annote       = {arXiv: 1903.08008},
	annote       = {Comment: Minor revision for improved clarity}
}
@book{noauthor_statisticalrethinking2pdf_nodate-1,
	title        = {statisticalrethinking2.pdf},
	note         = {Publication Title: Google Docs}
}
@article{lichtenberg_olfactory_2011,
	title        = {Olfactory eavesdropping between two competing stingless bee species},
	author       = {Lichtenberg, Elinor M. and Hrncir, Michael and Turatti, Izabel C. and Nieh, James C.},
	year         = 2011,
	journal      = {Behavioral Ecology and Sociobiology},
	volume       = 65,
	number       = 4,
	pages        = {763--774}
}
@article{abrams1983arguments,
	title        = {Arguments in favor of higher order interactions},
	author       = {Abrams, Peter A},
	year         = 1983,
	journal      = {The American Naturalist},
	publisher    = {University of Chicago Press},
	volume       = 121,
	number       = 6,
	pages        = {887--891}
}
%%%
@article{marquet2015importance,
	title        = {On the importance of first principles in ecological theory development},
	author       = {Marquet, Pablo A and Allen, Andrew P and Brown, James H and Dunne, Jennifer A and Enquist, Brian J and Gillooly, James F and Gowaty, Patricia A and Harte, John and Hubbell, Steve P and Okie, Jordan G and others},
	year         = 2015,
	journal      = {BioScience},
	publisher    = {Oxford University Press},
	volume       = 65,
	number       = 4,
	pages        = {342--343}
}
@article{cohen1966optimizing,
	title        = {Optimizing reproduction in a randomly varying environment},
	author       = {Cohen, Dan},
	year         = 1966,
	journal      = {Journal of theoretical biology},
	publisher    = {Elsevier},
	volume       = 12,
	number       = 1,
	pages        = {119--129}
}
@article{wainwright2017effects,
	title        = {Effects of exotic annual grass litter and local environmental gradients on annual plant community structure},
	author       = {Wainwright, Claire E and Dwyer, John M and Mayfield, Margaret M},
	year         = 2017,
	journal      = {Biological Invasions},
	publisher    = {Springer},
	volume       = 19,
	number       = 2,
	pages        = {479--491}
}
@article{sears2007new,
	title        = {New methods for quantifying the spatial storage effect: an illustration with desert annuals},
	author       = {Sears, Anna LW and Chesson, Peter},
	year         = 2007,
	journal      = {Ecology},
	publisher    = {Wiley Online Library},
	volume       = 88,
	number       = 9,
	pages        = {2240--2247}
}
@article{wainwright2017diverse,
	title        = {Diverse outcomes of species interactions in an invaded annual plant community},
	author       = {Wainwright, Claire E and Dwyer, John M and Hobbs, Richard J and Mayfield, Margaret M},
	year         = 2017,
	journal      = {Journal of Plant Ecology},
	publisher    = {Oxford University Press UK},
	volume       = 10,
	number       = 6,
	pages        = {918--926}
}
@article{kraft2015community,
	title        = {Community assembly, coexistence and the environmental filtering metaphor},
	author       = {Kraft, Nathan JB and Adler, Peter B and Godoy, Oscar and James, Emily C and Fuller, Steve and Levine, Jonathan M},
	year         = 2015,
	journal      = {Functional Ecology},
	publisher    = {Wiley Online Library},
	volume       = 29,
	number       = 5,
	pages        = {592--599}
}
@article{pastore2021evolution,
	title        = {The evolution of niche overlap and competitive differences},
	author       = {Pastore, Abigail I and Barab{\'a}s, Gy{\"o}rgy and Bimler, Malyon D and Mayfield, Margaret M and Miller, Thomas E},
	year         = 2021,
	journal      = {Nature Ecology \& Evolution},
	publisher    = {Nature Publishing Group},
	volume       = 5,
	number       = 3,
	pages        = {330--337}
}
@article{letten2021using,
	title        = {Using ecological coexistence theory to understand antibiotic resistance and microbial competition},
	author       = {Letten, Andrew D and Hall, Alex R and Levine, Jonathan M},
	year         = 2021,
	journal      = {Nature Ecology \& Evolution},
	publisher    = {Nature Publishing Group},
	volume       = 5,
	number       = 4,
	pages        = {431--441}
}
@article{fussmann2005community,
	title        = {Community response to enrichment is highly sensitive to model structure},
	author       = {Fussmann, Gregor F and Blasius, Bernd},
	year         = 2005,
	journal      = {Biology Letters},
	publisher    = {The Royal Society London},
	volume       = 1,
	number       = 1,
	pages        = {9--12}
}
@article{myerscough1996stability,
	title        = {Stability, persistence and structural stability in a classical predator-prey model},
	author       = {Myerscough, MR and Darwen, MJ and Hogarth, WL},
	year         = 1996,
	journal      = {Ecological Modelling},
	publisher    = {Elsevier},
	volume       = 89,
	number       = {1-3},
	pages        = {31--42}
}
@article{poggiale2010far,
	title        = {How far details are important in ecosystem modelling: the case of multi-limiting nutrients in phytoplankton--zooplankton interactions},
	author       = {Poggiale, J-C and Baklouti, Melika and Queguiner, Bernard and Kooijman, SALM},
	year         = 2010,
	journal      = {Philosophical Transactions of the Royal Society B: Biological Sciences},
	publisher    = {The Royal Society},
	volume       = 365,
	number       = 1557,
	pages        = {3495--3507}
}
@book{jorgensen2001fundamentals,
	title        = {Fundamentals of Ecological Modelling},
	author       = {J{\o}rgensen, Sven Erik and Bendoricchio, Giuseppe},
	year         = 2001,
	publisher    = {Elsevier},
	volume       = 21
}
@article{brooker2008facilitation,
	title        = {Facilitation in plant communities: the past, the present, and the future},
	author       = {Brooker, Rob W and Maestre, Fernando T and Callaway, Ragan M and Lortie, Christopher L and Cavieres, Lohengrin A and Kunstler, Georges and Liancourt, Pierre and Tielb{\"o}rger, Katja and Travis, Justin MJ and Anthelme, Fabien and others},
	year         = 2008,
	journal      = {Journal of Ecology},
	publisher    = {Wiley Online Library},
	volume       = 96,
	number       = 1,
	pages        = {18--34}
}
@article{case1999illustrated,
	title        = {Illustrated guide to theoretical ecology},
	author       = {Case, Ted J},
	year         = 1999,
	journal      = {Ecology},
	publisher    = {Ecological Society of America},
	volume       = 80,
	number       = 8,
	pages        = {2848--2848}
}
@article{villarreal2009species,
	title        = {Species-specific disturbance tolerance, competition and positive interactions along an anthropogenic disturbance gradient},
	author       = {Villarreal-Barajas, Tania and Martorell, Carlos},
	year         = 2009,
	journal      = {Journal of Vegetation Science},
	publisher    = {Wiley Online Library},
	volume       = 20,
	number       = 6,
	pages        = {1027--1040}
}
@article{craine2013mechanisms,
	title        = {Mechanisms of plant competition for nutrients, water and light},
	author       = {Craine, Joseph M and Dybzinski, Ray},
	year         = 2013,
	journal      = {Functional Ecology},
	publisher    = {Wiley Online Library},
	volume       = 27,
	number       = 4,
	pages        = {833--840}
}
@article{dybzinski2007resource,
	title        = {Resource use patterns predict long-term outcomes of plant competition for nutrients and light},
	author       = {Dybzinski, Ray and Tilman, David},
	year         = 2007,
	journal      = {The American Naturalist},
	publisher    = {The University of Chicago Press},
	volume       = 170,
	number       = 3,
	pages        = {305--318}
}
@article{poorter1986growth,
	title        = {Growth and competitive ability of a highly plastic and a marginally plastic genotype of Plantago major in a fluctuating environment},
	author       = {Poorter, Hendrik and Lambers, Hans},
	year         = 1986,
	journal      = {Physiologia Plantarum},
	publisher    = {Wiley Online Library},
	volume       = 67,
	number       = 2,
	pages        = {217--222}
}
@article{pell2018using,
	title        = {Using phenomenological models for forecasting the 2015 Ebola challenge},
	author       = {Pell, Bruce and Kuang, Yang and Viboud, Cecile and Chowell, Gerardo},
	year         = 2018,
	journal      = {Epidemics},
	publisher    = {Elsevier},
	volume       = 22,
	pages        = {62--70}
}
@article{maestre2009refining,
	title        = {Refining the stress-gradient hypothesis for competition and facilitation in plant communities},
	author       = {Maestre, Fernando T and Callaway, Ragan M and Valladares, Fernando and Lortie, Christopher J},
	year         = 2009,
	journal      = {Journal of Ecology},
	publisher    = {Wiley Online Library},
	volume       = 97,
	number       = 2,
	pages        = {199--205}
}
@article{maestre2005change,
	title        = {Is the change of plant--plant interactions with abiotic stress predictable? A meta-analysis of field results in arid environments},
	author       = {Maestre, Fernando T and Valladares, Fernando and Reynolds, James F},
	year         = 2005,
	journal      = {Journal of Ecology},
	publisher    = {Wiley Online Library},
	volume       = 93,
	number       = 4,
	pages        = {748--757}
}
@article{moon2000relative,
	title        = {Relative importance of abiotically induced direct and indirect effects on a salt-marsh herbivore},
	author       = {Moon, Daniel C and Stiling, Peter},
	year         = 2000,
	journal      = {Ecology},
	publisher    = {Wiley Online Library},
	volume       = 81,
	number       = 2,
	pages        = {470--481}
}
@article{cervantes2021context,
	title        = {The context dependency of pollinator interference: How environmental conditions and co-foraging species impact floral visitation},
	author       = {Cervantes-Loreto, Alba and Ayers, Carolyn A and Dobbs, Emily K and Brosi, Berry J and Stouffer, Daniel B},
	year         = 2021,
	journal      = {Ecology Letters},
	publisher    = {Wiley Online Library}
}
@article{chu2015large,
	title        = {Large niche differences emerge at the recruitment stage to stabilize grassland coexistence},
	author       = {Chu, Chengjin and Adler, Peter B},
	year         = 2015,
	journal      = {Ecological Monographs},
	publisher    = {Wiley Online Library},
	volume       = 85,
	number       = 3,
	pages        = {373--392}
}
@article{hart2013environmental,
	title        = {Environmental stress, facilitation, competition, and coexistence},
	author       = {Hart, Simon P and Marshall, Dustin J},
	year         = 2013,
	journal      = {Ecology},
	publisher    = {Wiley Online Library},
	volume       = 94,
	number       = 12,
	pages        = {2719--2731}
}
@article{lai2020role,
	title        = {The role of higher-order biotic interactions on tropical tree growth},
	author       = {Lai, Hao Ran and Chong, Kwek Yan and Mayfield, Margaret M and Stouffer, Daniel B},
	year         = 2020,
	journal      = {bioRxiv},
	publisher    = {Cold Spring Harbor Laboratory}
}
@article{geijzendorffer2011sustained,
	title        = {Sustained dynamic transience in a Lotka--Volterra competition model system for grassland species},
	author       = {Geijzendorffer, IR and Van der Werf, W and Bianchi, FJJA and Schulte, RPO},
	year         = 2011,
	journal      = {Ecological modelling},
	publisher    = {Elsevier},
	volume       = 222,
	number       = 15,
	pages        = {2817--2824}
}
@article{armitage2019negative,
	title        = {Negative frequency-dependent growth underlies the stable coexistence of two cosmopolitan aquatic plants},
	author       = {Armitage, David W and Jones, Stuart E},
	year         = 2019,
	journal      = {Ecology},
	publisher    = {Wiley Online Library},
	volume       = 100,
	number       = 5,
	pages        = {e02657}
}
@article{pickett1980non,
	title        = {Non-equilibrium coexistence of plants},
	author       = {Pickett, Steward TA},
	year         = 1980,
	journal      = {Bulletin of the Torrey Botanical Club},
	publisher    = {JSTOR},
	pages        = {238--248}
}
@article{towers2020requirements,
	title        = {Requirements for the spatial storage effect are weakly evident for common species in natural annual plant assemblages},
	author       = {Towers, Isaac R and Bowler, Catherine H and Mayfield, Margaret M and Dwyer, John M},
	year         = 2020,
	journal      = {Ecology},
	publisher    = {Wiley Online Library},
	volume       = 101,
	number       = 12,
	pages        = {e03185}
}
@article{garcia2020cxr,
	title        = {cxr: A toolbox for modelling species coexistence in R},
	author       = {Garc{\'\i}a-Callejas, David and Godoy, Oscar and Bartomeus, Ignasi and others},
	year         = 2020,
	publisher    = {WILEY}
}
@article{matias2018experimental,
	title        = {An experimental extreme drought reduces the likelihood of species to coexist despite increasing intransitivity in competitive networks},
	author       = {Mat{\'\i}as, Luis and Godoy, Oscar and G{\'o}mez-Aparicio, Lorena and P{\'e}rez-Ramos, Ignacio M},
	year         = 2018,
	journal      = {Journal of Ecology},
	publisher    = {Wiley Online Library},
	volume       = 106,
	number       = 3,
	pages        = {826--837}
}
@book{beverton1954notes,
	title        = {Notes on the use of theoretical models in the study of the dynamics of exploited fish populations},
	author       = {Beverton, Raymond John Heaphy},
	year         = 1954,
	publisher    = {US Fishery Laboratory}
}
@book{beverton2012dynamics,
	title        = {On the dynamics of exploited fish populations},
	author       = {Beverton, Raymond JH and Holt, Sidney J},
	year         = 2012,
	publisher    = {Springer Science \& Business Media},
	volume       = 11
}
@article{ricker1954effects,
	title        = {Effects of compensatory mortality upon population abundance},
	author       = {Ricker, WE},
	year         = 1954,
	journal      = {The Journal of Wildlife Management},
	publisher    = {JSTOR},
	volume       = 18,
	number       = 1,
	pages        = {45--51}
}
@article{towers2021variable,
	title        = {Variable Seed Bed Microsite Conditions and Light Influence Germination in Australian Winter Annuals},
	author       = {Towers, Isaac Ray and Merritt, David J and Erikson, Todd E and Mayfield, Margaret M and Dwyer, John M},
	year         = 2021
}
@article{dwyer2015climate,
	title        = {Climate moderates release from nutrient limitation in natural annual plant communities},
	author       = {Dwyer, John M and Hobbs, Richard J and Wainwright, Claire E and Mayfield, Margaret M},
	year         = 2015,
	journal      = {Global Ecology and Biogeography},
	publisher    = {Wiley Online Library},
	volume       = 24,
	number       = 5,
	pages        = {549--561}
}
@article{terry2021natural,
	title        = {Natural enemies have inconsistent impacts on the coexistence of competing species},
	author       = {Terry, J Christopher D and Chen, Jinlin and Lewis, Owen T},
	year         = 2021,
	journal      = {Journal of Animal Ecology},
	publisher    = {Wiley Online Library}
}
@book{lotka1925elements,
	title        = {Elements of physical biology},
	author       = {Lotka, Alfred James},
	year         = 1925,
	publisher    = {Williams \& Wilkins}
}
@article{saavedra2016seasonal,
	title        = {Seasonal species interactions minimize the impact of species turnover on the likelihood of community persistence},
	author       = {Saavedra, Serguei and Rohr, Rudolf P and Fortuna, Miguel A and Selva, Nuria and Bascompte, Jordi},
	year         = 2016,
	journal      = {Ecology},
	publisher    = {Wiley Online Library},
	volume       = 97,
	number       = 4,
	pages        = {865--873}
}
@article{vehtari2017practical,
	title        = {Practical Bayesian model evaluation using leave-one-out cross-validation and WAIC},
	author       = {Vehtari, Aki and Gelman, Andrew and Gabry, Jonah},
	year         = 2017,
	journal      = {Statistics and Computing},
	publisher    = {Springer},
	volume       = 27,
	number       = 5,
	pages        = {1413--1432}
}
@article{godwin2020empiricist,
	title        = {An empiricist's guide to modern coexistence theory for competitive communities},
	author       = {Godwin, Casey M and Chang, Feng-Hsun and Cardinale, Bradley J},
	year         = 2020,
	journal      = {Oikos},
	publisher    = {Wiley Online Library},
	volume       = 129,
	number       = 8,
	pages        = {1109--1127}
}
@article{zepeda2019fluctuation,
	title        = {Fluctuation-independent niche differentiation and relative non-linearity drive coexistence in a species-rich grassland},
	author       = {Zepeda, Ver{\'o}nica and Martorell, Carlos},
	year         = 2019,
	journal      = {Ecology},
	publisher    = {Wiley Online Library},
	volume       = 100,
	number       = 8,
	pages        = {e02726}
}
@article{adler2006climate,
	title        = {Climate variability has a stabilizing effect on the coexistence of prairie grasses},
	author       = {Adler, Peter B and HilleRisLambers, Janneke and Kyriakidis, Phaedon C and Guan, Qingfeng and Levine, Jonathan M},
	year         = 2006,
	journal      = {Proceedings of the National Academy of Sciences},
	publisher    = {National Acad Sciences},
	volume       = 103,
	number       = 34,
	pages        = {12793--12798}
}
@article{volterra1928variations,
	title        = {Variations and fluctuations of the number of individuals in animal species living together},
	author       = {Volterra, Vito},
	year         = 1928,
	journal      = {ICES Journal of Marine Science},
	publisher    = {Oxford University Press},
	volume       = 3,
	number       = 1,
	pages        = {3--51}
}
@article{adler2010coexistence,
	title        = {Coexistence of perennial plants: an embarrassment of niches},
	author       = {Adler, Peter B and Ellner, Stephen P and Levine, Jonathan M},
	year         = 2010,
	journal      = {Ecology letters},
	publisher    = {Wiley Online Library},
	volume       = 13,
	number       = 8,
	pages        = {1019--1029}
}
@article{aldebert2018community,
	title        = {Community dynamics and sensitivity to model structure: towards a probabilistic view of process-based model predictions},
	author       = {Aldebert, Clement and Stouffer, Daniel B},
	year         = 2018,
	journal      = {Journal of the Royal Society Interface},
	publisher    = {The Royal Society},
	volume       = 15,
	number       = 149,
	pages        = 20180741
}
@article{armstrong1980competitive,
	title        = {Competitive exclusion},
	author       = {Armstrong, Robert A and McGehee, Richard},
	year         = 1980,
	journal      = {The American Naturalist},
	publisher    = {University of Chicago Press},
	volume       = 115,
	number       = 2,
	pages        = {151--170}
}
@article{levins1979coexistence,
	title        = {Coexistence in a variable environment},
	author       = {Levins, Richard},
	year         = 1979,
	journal      = {The American Naturalist},
	publisher    = {University of Chicago Press},
	volume       = 114,
	number       = 6,
	pages        = {765--783}
}
@inproceedings{dempster1955maintenance,
	title        = {Maintenance of genetic heterogeneity},
	author       = {Dempster, Everett R},
	year         = 1955,
	booktitle    = {Cold Spring Harbor Symposia on Quantitative Biology},
	volume       = 20,
	pages        = {25--32},
	organization = {Cold Spring Harbor Laboratory Press}
}
@article{dean2005protecting,
	title        = {Protecting haploid polymorphisms in temporally variable environments},
	author       = {Dean, Antony M},
	year         = 2005,
	journal      = {Genetics},
	publisher    = {Oxford University Press},
	volume       = 169,
	number       = 2,
	pages        = {1147--1156}
}
@article{jordan2012potential,
	title        = {The potential for sexually antagonistic polymorphism in different genome regions},
	author       = {Jordan, Crispin Y and Charlesworth, Deborah},
	year         = 2012,
	journal      = {Evolution: International Journal of Organic Evolution},
	publisher    = {Wiley Online Library},
	volume       = 66,
	number       = 2,
	pages        = {505--516}
}
@article{connallon2014balancing,
	title        = {Balancing selection in species with separate sexes: insights from Fisher’s geometric model},
	author       = {Connallon, Tim and Clark, Andrew G},
	year         = 2014,
	journal      = {Genetics},
	publisher    = {Oxford University Press},
	volume       = 197,
	number       = 3,
	pages        = {991--1006}
}
@article{hedrick2007balancing,
	title        = {Balancing selection},
	author       = {Hedrick, Philip W},
	year         = 2007,
	journal      = {Current Biology},
	publisher    = {Elsevier},
	volume       = 17,
	number       = 7,
	pages        = {R230--R231}
}
@article{tylianakis2008global,
	title        = {Global change and species interactions in terrestrial ecosystems},
	author       = {Tylianakis, Jason M and Didham, Raphael K and Bascompte, Jordi and Wardle, David A},
	year         = 2008,
	journal      = {Ecology letters},
	publisher    = {Wiley Online Library},
	volume       = 11,
	number       = 12,
	pages        = {1351--1363}
}
@article{steele1985comparison,
	title        = {A comparison of terrestrial and marine ecological systems},
	author       = {Steele, John H},
	year         = 1985,
	journal      = {Nature},
	publisher    = {Nature Publishing Group},
	volume       = 313,
	number       = 6001,
	pages        = {355--358}
}
@article{schreiber2021positively,
	title        = {Positively and negatively autocorrelated environmental fluctuations have opposing effects on species coexistence},
	author       = {Schreiber, Sebastian J},
	year         = 2021,
	journal      = {The American Naturalist},
	publisher    = {The University of Chicago Press Chicago, IL},
	volume       = 197,
	number       = 4,
	pages        = {405--414}
}
@article{schreiber2010interactive,
	title        = {Interactive effects of temporal correlations, spatial heterogeneity and dispersal on population persistence},
	author       = {Schreiber, Sebastian J},
	year         = 2010,
	journal      = {Proceedings of the Royal Society B: Biological Sciences},
	publisher    = {The Royal Society},
	volume       = 277,
	number       = 1689,
	pages        = {1907--1914}
}
@article{schreiber2020factors,
	title        = {When do factors promoting genetic diversity also promote population persistence? A demographic perspective on Gillespie’s SAS-CFF model},
	author       = {Schreiber, Sebastian J},
	year         = 2020,
	journal      = {Theoretical population biology},
	publisher    = {Elsevier},
	volume       = 133,
	pages        = {141--149}
}
@article{elgar2003male,
	title        = {Male mate choice and patterns of paternity in the polyandrous, sexually cannibalistic orb-web spider, Nephila plumipes},
	author       = {Elgar, Mark A and Bruce, Mathew J and De Crespigny, Fleur E Champion and Cutler, Anna R and Cutler, Cathryn L and Gaskett, Anne C and Herberstein, Marie E and Ramamurthy, Sharada and Schneider, Jutta M},
	year         = 2003,
	journal      = {Australian Journal of Zoology},
	publisher    = {CSIRO Publishing},
	volume       = 51,
	number       = 4,
	pages        = {357--365}
}
@article{kasumovic2008spatial,
	title        = {Spatial and temporal demographic variation drives within-season fluctuations in sexual selection},
	author       = {Kasumovic, Michael M and Bruce, Matthew J and Andrade, Maydianne CB and Herberstein, Marie E},
	year         = 2008,
	journal      = {Evolution: International Journal of Organic Evolution},
	publisher    = {Wiley Online Library},
	volume       = 62,
	number       = 9,
	pages        = {2316--2325}
}
@article{matter2002experimental,
	title        = {An experimental examination of the effects of habitat quality on the dispersal and local abundance of the butterfly Parnassius smintheus},
	author       = {Matter, Stephen F and Roland, Jens},
	year         = 2002,
	journal      = {Ecological Entomology},
	publisher    = {Wiley Online Library},
	volume       = 27,
	number       = 3,
	pages        = {308--316}
}
@article{cockburn2008swingin,
	title        = {Swingin'in the rain: condition dependence and sexual selection in a capricious world},
	author       = {Cockburn, Andrew and Osmond, Helen L and Double, Michael C},
	year         = 2008,
	journal      = {Proceedings of the Royal Society B: Biological Sciences},
	publisher    = {The Royal Society London},
	volume       = 275,
	number       = 1635,
	pages        = {605--612}
}
@incollection{chesson1983coexistence,
	title        = {Coexistence of competitors in a stochastic environment: the storage effect},
	author       = {Chesson, Peter L},
	year         = 1983,
	booktitle    = {Population biology},
	publisher    = {Springer},
	pages        = {188--198}
}
@article{wittmann2017seasonally,
	title        = {Seasonally fluctuating selection can maintain polymorphism at many loci via segregation lift},
	author       = {Wittmann, Meike J and Bergland, Alan O and Feldman, Marcus W and Schmidt, Paul S and Petrov, Dmitri A},
	year         = 2017,
	journal      = {Proceedings of the National Academy of Sciences},
	publisher    = {National Acad Sciences},
	volume       = 114,
	number       = 46,
	pages        = {E9932--E9941}
}
@article{promislow1992mortality,
	title        = {Mortality costs of sexual dimorphism in birds},
	author       = {Promislow, Daniel EL and Montgomerie, Robert and Martin, Thomas E},
	year         = 1992,
	journal      = {Proceedings of the Royal Society of London. Series B: Biological Sciences},
	publisher    = {The Royal Society London},
	volume       = 250,
	number       = 1328,
	pages        = {143--150}
}
@article{gotmark1997natural,
	title        = {Natural selection and sexual dimorphism: sex-biased sparrowhawk predation favours crypsis in female chaffinches},
	author       = {G{\"o}tmark, Frank and Post, Peter and Olsson, Jan and Himmelmann, Dick},
	year         = 1997,
	journal      = {Oikos},
	publisher    = {JSTOR},
	pages        = {540--548}
}
@article{bildstein1989consequences,
	title        = {Consequences of sexual dimorphism in sand fiddler crabs, Uca pugilator: differential vulnerability to avian predation},
	author       = {Bildstein, Keith L and McDowell, Susan G and Brisbin, I Lehr},
	year         = 1989,
	journal      = {Animal Behaviour},
	publisher    = {Elsevier},
	volume       = 37,
	pages        = {133--139}
}
@article{patten2010fitness,
	title        = {Fitness variation due to sexual antagonism and linkage disequilibrium},
	author       = {Patten, Manus M and Haig, David and Ubeda, Francisco},
	year         = 2010,
	journal      = {Evolution: International Journal of Organic Evolution},
	publisher    = {Wiley Online Library},
	volume       = 64,
	number       = 12,
	pages        = {3638--3642}
}
@article{hedrick1999antagonistic,
	title        = {Antagonistic pleiotropy and genetic polymorphism: a perspective},
	author       = {Hedrick, Philip W},
	year         = 1999,
	journal      = {Heredity},
	publisher    = {Wiley Online Library},
	volume       = 82,
	number       = 2,
	pages        = {126--133}
}
@article{connallon2012general,
	title        = {A general population genetic framework for antagonistic selection that accounts for demography and recurrent mutation},
	author       = {Connallon, Tim and Clark, Andrew G},
	year         = 2012,
	journal      = {Genetics},
	publisher    = {Oxford University Press},
	volume       = 190,
	number       = 4,
	pages        = {1477--1489}
}
@article{curtsinger1994antagonistic,
	title        = {Antagonistic pleiotropy, reversal of dominance, and genetic polymorphism},
	author       = {Curtsinger, James W and Service, Philip M and Prout, Timothy},
	year         = 1994,
	journal      = {The American Naturalist},
	publisher    = {University of Chicago Press},
	volume       = 144,
	number       = 2,
	pages        = {210--228}
}
@article{foerster2007sexually,
	title        = {Sexually antagonistic genetic variation for fitness in red deer},
	author       = {Foerster, Katharina and Coulson, Tim and Sheldon, Ben C and Pemberton, Josephine M and Clutton-Brock, Tim H and Kruuk, Loeske EB},
	year         = 2007,
	journal      = {Nature},
	publisher    = {Nature Publishing Group},
	volume       = 447,
	number       = 7148,
	pages        = {1107--1110}
}
@article{van2009intralocus,
	title        = {Intralocus sexual conflict},
	author       = {Van Doorn, G Sander},
	year         = 2009,
	journal      = {Annals of the New York Academy of Sciences},
	publisher    = {Blackwell Publishing Inc Malden, USA},
	volume       = 1168,
	number       = 1,
	pages        = {52--71}
}
@article{bonduriansky2009intralocus,
	title        = {Intralocus sexual conflict},
	author       = {Bonduriansky, Russell and Chenoweth, Stephen F},
	year         = 2009,
	journal      = {Trends in ecology \& evolution},
	publisher    = {Elsevier},
	volume       = 24,
	number       = 5,
	pages        = {280--288}
}
@article{innocenti2010sexually,
	title        = {The sexually antagonistic genes of Drosophila melanogaster},
	author       = {Innocenti, Paolo and Morrow, Edward H},
	year         = 2010,
	journal      = {PLoS biology},
	publisher    = {Public Library of Science San Francisco, USA},
	volume       = 8,
	number       = 3,
	pages        = {e1000335}
}
@article{de2018climatic,
	title        = {Climatic factors and species range position predict sexually antagonistic selection across taxa},
	author       = {De Lisle, Stephen P and Goedert, Debora and Reedy, Aaron M and Svensson, Erik I},
	year         = 2018,
	journal      = {Philosophical Transactions of the Royal Society B: Biological Sciences},
	publisher    = {The Royal Society},
	volume       = 373,
	number       = 1757,
	pages        = 20170415
}
@article{siepielski2017precipitation,
	title        = {Precipitation drives global variation in natural selection},
	author       = {Siepielski, Adam M and Morrissey, Michael B and Buoro, Mathieu and Carlson, Stephanie M and Caruso, Christina M and Clegg, Sonya M and Coulson, Tim and DiBattista, Joseph and Gotanda, Kiyoko M and Francis, Clinton D and others},
	year         = 2017,
	journal      = {Science},
	publisher    = {American Association for the Advancement of Science},
	volume       = 355,
	number       = 6328,
	pages        = {959--962}
}
@article{morrissey2016meta,
	title        = {Meta-analysis of magnitudes, differences and variation in evolutionary parameters},
	author       = {Morrissey, Michael B},
	year         = 2016,
	journal      = {Journal of Evolutionary Biology},
	publisher    = {Wiley Online Library},
	volume       = 29,
	number       = 10,
	pages        = {1882--1904}
}
@article{lande1980sexual,
	title        = {Sexual dimorphism, sexual selection, and adaptation in polygenic characters},
	author       = {Lande, Russell},
	year         = 1980,
	journal      = {Evolution},
	publisher    = {JSTOR},
	pages        = {292--305}
}
@article{mori2017sexual,
	title        = {Sexual dimorphism},
	author       = {Mori, Emiliano and Mazza, Giuseppe and Lovari, Sandro},
	year         = 2017,
	journal      = {Encyclopedia of Animal Cognition and Behavior (J. Vonk, and T. Shakelford, Eds). Springer International Publishing, Switzerland},
	pages        = {1--7}
}
@book{arnqvist2013sexual,
	title        = {Sexual conflict},
	author       = {Arnqvist, G{\"o}ran and Rowe, Locke},
	year         = 2013,
	publisher    = {Princeton University Press}
}
@article{nunney2002effective,
	title        = {The effective size of annual plant populations: the interaction of a seed bank with fluctuating population size in maintaining genetic variation},
	author       = {Nunney, Leonard},
	year         = 2002,
	journal      = {The American Naturalist},
	publisher    = {The University of Chicago Press},
	volume       = 160,
	number       = 2,
	pages        = {195--204}
}
@article{pemberton1996maintenance,
	title        = {The maintenance of genetic polymorphism in small island populations: large mammals in the Hebrides},
	author       = {Pemberton, Josephine and Smith, James and Coulson, Tim N and Marshall, Tristan C and Slate, Jon and Paterson, Steve and Albon, SD and Clutton-Brock, Timothy Hugh and Sneath, Peter Henry Andrews},
	year         = 1996,
	journal      = {Philosophical Transactions of the Royal Society of London. Series B: Biological Sciences},
	publisher    = {The Royal Society London},
	volume       = 351,
	number       = 1341,
	pages        = {745--752}
}
@article{reinhold2000maintenance,
	title        = {Maintenance of a genetic polymorphism by fluctuating selection on sex-limited traits},
	author       = {Reinhold, Klaus},
	year         = 2000,
	journal      = {Journal of Evolutionary Biology},
	publisher    = {Wiley Online Library},
	volume       = 13,
	number       = 6,
	pages        = {1009--1014}
}
@article{hedrick1986genetic,
	title        = {Genetic polymorphism in heterogeneous environments: a decade later},
	author       = {Hedrick, Philip W},
	year         = 1986,
	journal      = {Annual review of ecology and systematics},
	publisher    = {Annual Reviews 4139 El Camino Way, PO Box 10139, Palo Alto, CA 94303-0139, USA},
	volume       = 17,
	number       = 1,
	pages        = {535--566}
}
@article{hedrick1974genetic,
	title        = {Genetic variation in a heterogeneous environment. I. Temporal heterogeneity and the absolute dominance model},
	author       = {Hedrick, Philip W},
	year         = 1974,
	journal      = {Genetics},
	publisher    = {Oxford University Press},
	volume       = 78,
	number       = 2,
	pages        = {757--770}
}
@article{sasaki1995evolutionarily,
	title        = {The evolutionarily stable phenotype distribution in a random environment},
	author       = {Sasaki, Akira and Ellner, Stephen},
	year         = 1995,
	journal      = {Evolution},
	publisher    = {Wiley Online Library},
	volume       = 49,
	number       = 2,
	pages        = {337--350}
}
@article{ellner1994role,
	title        = {Role of overlapping generations in maintaining genetic variation in a fluctuating environment},
	author       = {Ellner, Stephen and Hairston Jr, Nelson G},
	year         = 1994,
	journal      = {The American Naturalist},
	publisher    = {University of Chicago Press},
	volume       = 143,
	number       = 3,
	pages        = {403--417}
}
@article{ellner1996patterns,
	title        = {Patterns of genetic polymorphism maintained by fluctuating selection with overlapping generations},
	author       = {Ellner, Stephen and Sasaki, Akira},
	year         = 1996,
	journal      = {theoretical population biology},
	publisher    = {Elsevier},
	volume       = 50,
	number       = 1,
	pages        = {31--65}
}
@article{wright1942statistical,
	title        = {Statistical genetics and evolution},
	author       = {Wright, Sewall},
	year         = 1942,
	journal      = {Bulletin of the American Mathematical Society},
	publisher    = {American Mathematical Society},
	volume       = 48,
	number       = 4,
	pages        = {223--246}
}
@article{immler2012ploidally,
	title        = {Ploidally antagonistic selection maintains stable genetic polymorphism},
	author       = {Immler, Simone and Arnqvist, G{\"o}ran and Otto, Sarah Perin},
	year         = 2012,
	journal      = {Evolution: International Journal of Organic Evolution},
	publisher    = {Wiley Online Library},
	volume       = 66,
	number       = 1,
	pages        = {55--65}
}
@article{pamilo1979genic,
	title        = {Genic variation at sex-linked loci: Quantification of regular selection models},
	author       = {Pamilo, Pekka},
	year         = 1979,
	journal      = {Hereditas},
	publisher    = {Wiley Online Library},
	volume       = 91,
	number       = 1,
	pages        = {129--133}
}
@article{kidwell1977regions,
	title        = {Regions of stable equilibria for models of differential selection in the two sexes under random mating},
	author       = {Kidwell, JF and Clegg, MT and Stewart, FM and Prout, T},
	year         = 1977,
	journal      = {Genetics},
	publisher    = {Oxford University Press},
	volume       = 85,
	number       = 1,
	pages        = {171--183}
}
@article{shoemaker2020,
	title        = {Quantifying the relative importance of variation in predation and the environment for species coexistence},
	author       = {Shoemaker, Lauren G and Barner, Allison K and Bittleston, Leonora S and Teufel, Ashley I},
	year         = 2020,
	journal      = {Ecology letters},
	publisher    = {Wiley Online Library},
	volume       = 23,
	number       = 6,
	pages        = {939--950}
}
@article{ellner2016quantify,
	title        = {How to quantify the temporal storage effect using simulations instead of math},
	author       = {Ellner, Stephen P and Snyder, Robin E and Adler, Peter B},
	year         = 2016,
	journal      = {Ecology letters},
	publisher    = {Wiley Online Library},
	volume       = 19,
	number       = 11,
	pages        = {1333--1342}
}
@article{gavrilets2014sexual,
	title        = {Is sexual conflict an “engine of speciation”?},
	author       = {Gavrilets, Sergey},
	year         = 2014,
	journal      = {Cold Spring Harbor perspectives in biology},
	publisher    = {Cold Spring Harbor Lab},
	volume       = 6,
	number       = 12,
	pages        = {a017723}
}
@article{connallon2018environmental,
	title        = {Environmental changes and sexually antagonistic selection},
	author       = {Connallon, Tim and Hall, Matthew D},
	year         = 2018,
	journal      = {eLS},
	publisher    = {American Cancer Society},
	pages        = {1--7}
}
@book{hartl_principles_2007,
	title        = {Principles of population genetics},
	author       = {Hartl, D. L. and Clark, A. G.},
	year         = 2007,
	publisher    = {Sinauer associates Sunderland, Massachusetts},
	edition      = {4th},
	annote       = {ch 2 = hardy weinbergP'+Q'/2=p (2nd gen) R'+Q'/2=q where P'=AA, Q'=Aa, R'=aa}
}
@article{mitchell-olds_which_2007,
	title        = {Which evolutionary processes influence natural genetic variation for phenotypic traits?},
	author       = {Mitchell-Olds, Thomas and Willis, John H. and Goldstein, David B.},
	year         = 2007,
	journal      = {Nature Reviews Genetics},
	volume       = 8,
	number       = 11,
	pages        = {845--856},
	copyright    = {2007 Nature Publishing Group}
}
@article{radwan_maintenance_2008,
	title        = {Maintenance of genetic variation in sexual ornaments: a review of the mechanisms},
	shorttitle   = {Maintenance of genetic variation in sexual ornaments},
	author       = {Radwan, Jacek},
	year         = 2008,
	journal      = {Genetica},
	volume       = 134,
	number       = 1,
	pages        = {113--127},
	keywords     = {Additive genetic variance, Condition-dependence, Epigamic traits, Genetic polymorphism, Heterozygosity, Mate choice, Mutation, Ontogenetic conflict, Pleiotropy, Sexual selection}
}
@book{walsh_evolution_2018,
	title        = {Evolution and {Selection} of {Quantitative} {Traits}},
	author       = {Walsh, Bruce and Lynch, Michael},
	year         = 2018,
	publisher    = {OUP Oxford}
}
@article{bertram_different_2019,
	title        = {Different mechanisms drive the maintenance of polymorphism at loci subject to strong versus weak fluctuating selection},
	author       = {Bertram, Jason and Masel, Joanna},
	year         = 2019,
	journal      = {Evolution},
	volume       = 73,
	number       = 5,
	pages        = {883--896},
	copyright    = {© 2019 The Author(s). Evolution © 2019 The Society for the Study of Evolution.},
	keywords     = {Balancing selection, eco-evolutionary dynamics, polygenic adaptation, rapid adaptation}
}
@phdthesis{thomasson2019coexistence,
	title        = {Coexistence Theory and its Implications for Eco-evolutionary Dynamics},
	author       = {Thomasson, Kelly Marie},
	year         = 2019,
	school       = {UC Santa Barbara}
}
@article{ehlers2016intraspecific,
	title        = {Intraspecific genetic variation and species coexistence in plant communities},
	author       = {Ehlers, Bodil K and Damgaard, Christian F and Laroche, Fabien},
	year         = 2016,
	journal      = {Biology letters},
	publisher    = {The Royal Society},
	volume       = 12,
	number       = 1,
	pages        = 20150853
}
@article{tilman1994competition,
	title        = {Competition and biodiversity in spatially structured habitats},
	author       = {Tilman, David},
	year         = 1994,
	journal      = {Ecology},
	publisher    = {Wiley Online Library},
	volume       = 75,
	number       = 1,
	pages        = {2--16}
}
@article{chesson2003quantifying,
	title        = {Quantifying and testing coexistence mechanisms arising from recruitment fluctuations},
	author       = {Chesson, Peter},
	year         = 2003,
	journal      = {Theoretical Population Biology},
	publisher    = {Elsevier},
	volume       = 64,
	number       = 3,
	pages        = {345--357}
}
@article{petry2018competition,
	title        = {A competition--defence trade-off both promotes and weakens coexistence in an annual plant community},
	author       = {Petry, William K and Kandlikar, Gaurav S and Kraft, Nathan JB and Godoy, Oscar and Levine, Jonathan M},
	year         = 2018,
	journal      = {Journal of Ecology},
	publisher    = {Wiley Online Library},
	volume       = 106,
	number       = 5,
	pages        = {1806--1818}
}
@article{Adleretal2018,
	title        = {Auditing black-box models for indirect influence},
	author       = {Adler, Philip and Falk, Casey and Friedler, Sorelle A and Nix, Tionney and Rybeck, Gabriel and Scheidegger, Carlos and Smith, Brandon and Venkatasubramanian, Suresh},
	year         = 2018,
	journal      = {Knowledge and Information Systems},
	publisher    = {Springer},
	volume       = 54,
	number       = 1,
	pages        = {95--122}
}
@article{Paine1966,
	title        = {Food web complexity and species diversity},
	author       = {Paine, Robert T},
	year         = 1966,
	journal      = {The American Naturalist},
	publisher    = {Science Press},
	volume       = 100,
	number       = 910,
	pages        = {65--75}
}
@article{Paine1969,
	title        = {A note on trophic complexity and community stability},
	author       = {Paine, Robert T},
	year         = 1969,
	journal      = {The American Naturalist},
	publisher    = {University of Chicago Press},
	volume       = 103,
	number       = 929,
	pages        = {91--93}
}
@article{chesson_stabilizing_1982,
	title        = {The stabilizing effect of a random environment},
	author       = {Chesson, Peter L.},
	year         = 1982,
	journal      = {Journal of Mathematical Biology},
	volume       = 15,
	number       = 1,
	pages        = {1--36},
	keywords     = {Stochastic boundedness, Stochastic competition models, Stochastic stability}
}
@article{chesson_environmental_1981,
	title        = {Environmental {Variability} {Promotes} {Coexistence} in {Lottery} {Competitive} {Systems}},
	author       = {Chesson, Peter L. and Warner, Robert R.},
	year         = 1981,
	journal      = {The American Naturalist},
	volume       = 117,
	number       = 6,
	pages        = {923--943}
}
